<?xml version="1.0" encoding="UTF-8"?>
<!DOCTYPE html PUBLIC "-//W3C//DTD XHTML 1.0 Transitional//EN"
    "http://www.w3.org/TR/xhtml1/DTD/xhtml1-transitional.dtd">
<html xmlns="http://www.w3.org/1999/xhtml" xml:lang="en" lang="en">
 <head>
  <title>
</title>
<meta http-equiv="Content-Type" content="text/html;charset=utf-8" />
  <meta name='ocr-system' content='tesseract 3.04.00' />
  <meta name='ocr-capabilities' content='ocr_page ocr_carea ocr_par ocr_line ocrx_word'/>
</head>
<body>
  <div class='ocr_page' id='page_1' title='image "./meblochiisystema01bloc_0021.png"; bbox 0 0 1669 2906; ppageno 0'>
   <div class='ocr_carea' id='block_1_1' title="bbox 361 110 1418 168">
    <p class='ocr_par' dir='ltr' id='par_1_1' title="bbox 361 110 1418 168">
     <span class='ocr_line' id='line_1_1' title="bbox 361 110 1418 168; baseline -0.001 0"><span class='ocrx_word' id='word_1_1' title='bbox 361 114 746 168; x_wconf 82' lang='lat' dir='ltr'>LECTORIBUS</span> <span class='ocrx_word' id='word_1_2' title='bbox 789 110 843 165; x_wconf 90' lang='lat' dir='ltr'>S.</span> <span class='ocrx_word' id='word_1_3' title='bbox 887 110 1148 164; x_wconf 78' lang='lat' dir='ltr'>EmToR.</span> <span class='ocrx_word' id='word_1_4' title='bbox 1286 128 1418 168; x_wconf 82' lang='lat' dir='ltr'>xvn</span> 
     </span>
    </p>
   </div>
   <div class='ocr_carea' id='block_1_2' title="bbox 77 236 1437 2664">
    <p class='ocr_par' dir='ltr' id='par_1_2' title="bbox 77 236 1424 756">
     <span class='ocr_line' id='line_1_2' title="bbox 77 236 1420 302; baseline -0.001 -16"><span class='ocrx_word' id='word_1_5' title='bbox 77 242 217 287; x_wconf 84' lang='lat' dir='ltr'>nulla</span> <span class='ocrx_word' id='word_1_6' title='bbox 256 253 362 286; x_wconf 87' lang='lat' dir='ltr'>erat</span> <span class='ocrx_word' id='word_1_7' title='bbox 398 239 609 302; x_wconf 82' lang='lat' dir='ltr'>piscium</span> <span class='ocrx_word' id='word_1_8' title='bbox 647 237 811 284; x_wconf 80' lang='lat' dir='ltr'>addita</span> <span class='ocrx_word' id='word_1_9' title='bbox 859 236 1049 281; x_wconf 83' lang='lat' dir='ltr'>notitia.</span> <span class='ocrx_word' id='word_1_10' title='bbox 1121 239 1230 281; x_wconf 90' lang='lat' dir='ltr'>Nec</span> <span class='ocrx_word' id='word_1_11' title='bbox 1265 237 1420 284; x_wconf 83' lang='lat' dir='ltr'>laudo</span> 
     </span>
     <span class='ocr_line' id='line_1_3' title="bbox 78 325 1420 388; baseline -0.004 -10"><span class='ocrx_word' id='word_1_12' title='bbox 78 330 340 378; x_wconf 83' lang='lat' dir='ltr'>consilium</span> <span class='ocrx_word' id='word_1_13' title='bbox 377 330 601 388; x_wconf 80' lang='lat' dir='ltr'>ejusdem</span> <span class='ocrx_word' id='word_1_14' title='bbox 640 330 771 374; x_wconf 84' lang='lat' dir='ltr'>Galli</span> <span class='ocrx_word' id='word_1_15' title='bbox 806 327 854 372; x_wconf 90' lang='lat' dir='ltr'>in</span> <span class='ocrx_word' id='word_1_16' title='bbox 895 343 978 382; x_wconf 83' lang='lat' dir='ltr'>ec,</span> <span class='ocrx_word' id='word_1_17' title='bbox 1028 325 1166 386; x_wconf 82' lang='lat' dir='ltr'>quod.</span> <span class='ocrx_word' id='word_1_18' title='bbox 1212 326 1420 387; x_wconf 82' lang='lat' dir='ltr'>picturis</span> 
     </span>
     <span class='ocr_line' id='line_1_4' title="bbox 77 417 1423 485; baseline -0.005 -17"><span class='ocrx_word' id='word_1_19' title='bbox 77 423 290 485; x_wconf 82' lang='lat' dir='ltr'>piscium</span> <span class='ocrx_word' id='word_1_20' title='bbox 339 419 662 467; x_wconf 80' lang='lat' dir='ltr'>Chinenfibus</span> <span class='ocrx_word' id='word_1_21' title='bbox 718 417 1016 481; x_wconf 81' lang='lat' dir='ltr'>quibusdam</span> <span class='ocrx_word' id='word_1_22' title='bbox 1066 433 1092 461; x_wconf 91' lang='lat' dir='ltr'>e</span> <span class='ocrx_word' id='word_1_23' title='bbox 1141 417 1317 477; x_wconf 75' lang='lat' dir='ltr'>Belgio</span> <span class='ocrx_word' id='word_1_24' title='bbox 1369 418 1423 462; x_wconf 85' lang='lat' dir='ltr'>in</span> 
     </span>
     <span class='ocr_line' id='line_1_5' title="bbox 80 504 1424 567; baseline -0.005 -8"><span class='ocrx_word' id='word_1_25' title='bbox 80 514 295 559; x_wconf 77' lang='lat' dir='ltr'>Galliam</span> <span class='ocrx_word' id='word_1_26' title='bbox 331 512 577 558; x_wconf 76' lang='lat' dir='ltr'>translatis</span> <span class='ocrx_word' id='word_1_27' title='bbox 624 523 813 556; x_wconf 86' lang='lat' dir='ltr'>tantam</span> <span class='ocrx_word' id='word_1_28' title='bbox 859 507 1162 554; x_wconf 80' lang='lat' dir='ltr'>auctoritatis</span> <span class='ocrx_word' id='word_1_29' title='bbox 1199 504 1424 567; x_wconf 83' lang='lat' dir='ltr'>fideique</span> 
     </span>
     <span class='ocr_line' id='line_1_6' title="bbox 78 595 1423 665; baseline -0.004 -16"><span class='ocrx_word' id='word_1_30' title='bbox 78 605 279 660; x_wconf 85' lang='lat' dir='ltr'><strong>tribuit,</strong></span> <span class='ocrx_word' id='word_1_31' title='bbox 326 616 383 648; x_wconf 91' lang='lat' dir='ltr'>ut</span> <span class='ocrx_word' id='word_1_32' title='bbox 426 619 576 649; x_wconf 79' lang='lat' dir='ltr'>novas</span> <span class='ocrx_word' id='word_1_33' title='bbox 614 602 807 665; x_wconf 80' lang='lat' dir='ltr'>aliquot</span> <span class='ocrx_word' id='word_1_34' title='bbox 841 598 957 645; x_wconf 73' lang='lat' dir='ltr'>inde</span> <span class='ocrx_word' id='word_1_35' title='bbox 1004 597 1188 660; x_wconf 84' lang='lat' dir='ltr'>species</span> <span class='ocrx_word' id='word_1_36' title='bbox 1233 595 1423 644; x_wconf 80' lang='lat' dir='ltr'>effictas</span> 
     </span>
     <span class='ocr_line' id='line_1_7' title="bbox 82 706 367 756; baseline -0.004 -17"><span class='ocrx_word' id='word_1_37' title='bbox 82 706 367 756; x_wconf 83' lang='lat' dir='ltr'>apponeret.</span> 
     </span>
    </p>

    <p class='ocr_par' dir='ltr' id='par_1_3' title="bbox 80 777 1437 2664">
     <span class='ocr_line' id='line_1_8' title="bbox 217 777 1427 845; baseline -0.004 -15"><span class='ocrx_word' id='word_1_38' title='bbox 217 786 372 830; x_wconf 82' lang='lat' dir='ltr'>Stella</span> <span class='ocrx_word' id='word_1_39' title='bbox 418 780 692 845; x_wconf 82' lang='lat' dir='ltr'>praeposita</span> <span class='ocrx_word' id='word_1_40' title='bbox 740 781 1006 842; x_wconf 75' lang='lat' dir='ltr'><strong>Speciebus</strong></span> <span class='ocrx_word' id='word_1_41' title='bbox 1059 777 1301 843; x_wconf 78' lang='lat' dir='ltr'>fignificat</span> <span class='ocrx_word' id='word_1_42' title='bbox 1354 780 1427 841; x_wconf 88' lang='lat' dir='ltr'>pi-</span> 
     </span>
     <span class='ocr_line' id='line_1_9' title="bbox 81 869 1430 933; baseline -0.004 -12"><span class='ocrx_word' id='word_1_43' title='bbox 81 875 214 921; x_wconf 80' lang='lat' dir='ltr'>scem</span> <span class='ocrx_word' id='word_1_44' title='bbox 258 877 309 921; x_wconf 91' lang='lat' dir='ltr'>in</span> <span class='ocrx_word' id='word_1_45' title='bbox 354 873 536 920; x_wconf 65' lang='lat' dir='ltr'>quseo</span> <span class='ocrx_word' id='word_1_46' title='bbox 582 873 857 920; x_wconf 83' lang='lat' dir='ltr'>Blochiano</span> <span class='ocrx_word' id='word_1_47' title='bbox 916 869 1221 933; x_wconf 75' lang='lat' dir='ltr'>repositum:</span> <span class='ocrx_word' id='word_1_48' title='bbox 1277 887 1430 933; x_wconf 84' lang='lat' dir='ltr'>quam</span> 
     </span>
     <span class='ocr_line' id='line_1_10' title="bbox 84 958 1431 1012; baseline -0.004 -1"><span class='ocrx_word' id='word_1_49' title='bbox 84 979 250 1012; x_wconf 81' lang='lat' dir='ltr'>tamen</span> <span class='ocrx_word' id='word_1_50' title='bbox 296 978 465 1011; x_wconf 84' lang='lat' dir='ltr'>notam</span> <span class='ocrx_word' id='word_1_51' title='bbox 519 965 691 1010; x_wconf 81' lang='lat' dir='ltr'>multis</span> <span class='ocrx_word' id='word_1_52' title='bbox 737 964 788 1008; x_wconf 87' lang='lat' dir='ltr'>in</span> <span class='ocrx_word' id='word_1_53' title='bbox 834 963 954 1007; x_wconf 74' lang='lat' dir='ltr'>locis</span> <span class='ocrx_word' id='word_1_54' title='bbox 1009 958 1233 1008; x_wconf 76' lang='lat' dir='ltr'>omissam</span> <span class='ocrx_word' id='word_1_55' title='bbox 1287 962 1431 1007; x_wconf 79' lang='lat' dir='ltr'>dolui.</span> 
     </span>
     <span class='ocr_line' id='line_1_11' title="bbox 83 1051 1432 1114; baseline -0.004 -11"><span class='ocrx_word' id='word_1_56' title='bbox 83 1075 200 1103; x_wconf 84' lang='lat' dir='ltr'>cum</span> <span class='ocrx_word' id='word_1_57' title='bbox 236 1058 460 1103; x_wconf 83' lang='lat' dir='ltr'>Indicem</span> <span class='ocrx_word' id='word_1_58' title='bbox 499 1051 729 1102; x_wconf 73' lang='lat' dir='ltr'>Classium</span> <span class='ocrx_word' id='word_1_59' title='bbox 775 1070 800 1098; x_wconf 87' lang='lat' dir='ltr'>a</span> <span class='ocrx_word' id='word_1_60' title='bbox 835 1052 1102 1114; x_wconf 78' lang='lat' dir='ltr'>conspectu</span> <span class='ocrx_word' id='word_1_61' title='bbox 1143 1051 1311 1097; x_wconf 79' lang='lat' dir='ltr'>Musei</span> <span class='ocrx_word' id='word_1_62' title='bbox 1353 1068 1432 1097; x_wconf 87' lang='lat' dir='ltr'>re-</span> 
     </span>
     <span class='ocr_line' id='line_1_12' title="bbox 81 1144 1433 1194; baseline -0.003 0"><span class='ocrx_word' id='word_1_63' title='bbox 81 1161 246 1194; x_wconf 82' lang='lat' dir='ltr'>motus</span> <span class='ocrx_word' id='word_1_64' title='bbox 284 1148 646 1194; x_wconf 82' lang='lat' dir='ltr'>concinnarem.</span> <span class='ocrx_word' id='word_1_65' title='bbox 699 1145 981 1191; x_wconf 76' lang='lat' dir='ltr'>Plurimum</span> <span class='ocrx_word' id='word_1_66' title='bbox 1019 1144 1155 1188; x_wconf 88' lang='lat' dir='ltr'>enim</span> <span class='ocrx_word' id='word_1_67' title='bbox 1180 1145 1433 1191; x_wconf 85' lang='lat' dir='ltr'>lectorum</span> 
     </span>
     <span class='ocr_line' id='line_1_13' title="bbox 81 1234 1434 1301; baseline -0.004 -16"><span class='ocrx_word' id='word_1_68' title='bbox 81 1240 464 1301; x_wconf 76' lang='lat' dir='ltr'>Ichthyologiae</span> <span class='ocrx_word' id='word_1_69' title='bbox 520 1235 854 1282; x_wconf 82' lang='lat' dir='ltr'>studiosorum</span> <span class='ocrx_word' id='word_1_70' title='bbox 913 1234 1070 1280; x_wconf 79' lang='lat' dir='ltr'>refert</span> <span class='ocrx_word' id='word_1_71' title='bbox 1114 1234 1258 1291; x_wconf 80' lang='lat' dir='ltr'>scire,</span> <span class='ocrx_word' id='word_1_72' title='bbox 1308 1252 1434 1281; x_wconf 86' lang='lat' dir='ltr'>num.</span> 
     </span>
     <span class='ocr_line' id='line_1_14' title="bbox 82 1326 1433 1393; baseline -0.002 -18"><span class='ocrx_word' id='word_1_73' title='bbox 82 1330 222 1393; x_wconf 85' lang='lat' dir='ltr'>piscis</span> <span class='ocrx_word' id='word_1_74' title='bbox 265 1345 291 1373; x_wconf 84' lang='lat' dir='ltr'>a</span> <span class='ocrx_word' id='word_1_75' title='bbox 341 1327 548 1378; x_wconf 77' lang='lat' dir='ltr'>Blochio</span> <span class='ocrx_word' id='word_1_76' title='bbox 601 1326 875 1388; x_wconf 77' lang='lat' dir='ltr'>descriptus</span> <span class='ocrx_word' id='word_1_77' title='bbox 930 1338 980 1371; x_wconf 92' lang='lat' dir='ltr'>et</span> <span class='ocrx_word' id='word_1_78' title='bbox 1024 1326 1184 1387; x_wconf 84' lang='lat' dir='ltr'>pictus</span> <span class='ocrx_word' id='word_1_79' title='bbox 1233 1327 1311 1370; x_wconf 83' lang='lat' dir='ltr'>illi</span> <span class='ocrx_word' id='word_1_80' title='bbox 1366 1327 1433 1372; x_wconf 90' lang='lat' dir='ltr'>ob</span> 
     </span>
     <span class='ocr_line' id='line_1_15' title="bbox 81 1416 1435 1466; baseline -0.003 0"><span class='ocrx_word' id='word_1_81' title='bbox 81 1421 252 1466; x_wconf 84' lang='lat' dir='ltr'>oculos</span> <span class='ocrx_word' id='word_1_82' title='bbox 299 1417 518 1464; x_wconf 81' lang='lat' dir='ltr'>versatus</span> <span class='ocrx_word' id='word_1_83' title='bbox 580 1435 638 1464; x_wconf 86' lang='lat' dir='ltr'>an</span> <span class='ocrx_word' id='word_1_84' title='bbox 696 1435 759 1462; x_wconf 85' lang='lat' dir='ltr'>ex</span> <span class='ocrx_word' id='word_1_85' title='bbox 807 1418 966 1463; x_wconf 83' lang='lat' dir='ltr'>aliena</span> <span class='ocrx_word' id='word_1_86' title='bbox 1021 1416 1303 1461; x_wconf 77' lang='lat' dir='ltr'>narratione</span> <span class='ocrx_word' id='word_1_87' title='bbox 1348 1428 1435 1463; x_wconf 84' lang='lat' dir='ltr'>aut</span> 
     </span>
     <span class='ocr_line' id='line_1_16' title="bbox 80 1503 1435 1573; baseline -0.001 -17"><span class='ocrx_word' id='word_1_88' title='bbox 80 1511 277 1573; x_wconf 79' lang='lat' dir='ltr'>pictura</span> <span class='ocrx_word' id='word_1_89' title='bbox 325 1522 520 1555; x_wconf 83' lang='lat' dir='ltr'>tantum</span> <span class='ocrx_word' id='word_1_90' title='bbox 568 1509 860 1554; x_wconf 80' lang='lat' dir='ltr'>innotuerit.</span> <span class='ocrx_word' id='word_1_91' title='bbox 927 1503 1205 1553; x_wconf 59' lang='lat' dir='ltr'>Posside-*bat</span> <span class='ocrx_word' id='word_1_92' title='bbox 1263 1519 1435 1554; x_wconf 81' lang='lat' dir='ltr'>autem</span> 
     </span>
     <span class='ocr_line' id='line_1_17' title="bbox 83 1598 1435 1663; baseline -0.001 -17"><span class='ocrx_word' id='word_1_93' title='bbox 83 1603 268 1647; x_wconf 78' lang='lat' dir='ltr'>amicus</span> <span class='ocrx_word' id='word_1_94' title='bbox 315 1600 562 1663; x_wconf 81' lang='lat' dir='ltr'>plurimos</span> <span class='ocrx_word' id='word_1_95' title='bbox 611 1600 789 1663; x_wconf 78' lang='lat' dir='ltr'>pisces,</span> <span class='ocrx_word' id='word_1_96' title='bbox 836 1599 983 1643; x_wconf 81' lang='lat' dir='ltr'>maris</span> <span class='ocrx_word' id='word_1_97' title='bbox 1027 1598 1188 1643; x_wconf 80' lang='lat' dir='ltr'>Indici</span> <span class='ocrx_word' id='word_1_98' title='bbox 1232 1598 1435 1655; x_wconf 83' lang='lat' dir='ltr'>incolas,</span> 
     </span>
     <span class='ocr_line' id='line_1_18' title="bbox 83 1688 1437 1750; baseline -0.003 -12"><span class='ocrx_word' id='word_1_99' title='bbox 83 1691 280 1738; x_wconf 73' lang='lat' dir='ltr'>siccatos</span> <span class='ocrx_word' id='word_1_100' title='bbox 320 1705 513 1737; x_wconf 84' lang='lat' dir='ltr'>tantum</span> <span class='ocrx_word' id='word_1_101' title='bbox 557 1704 607 1736; x_wconf 87' lang='lat' dir='ltr'>et</span> <span class='ocrx_word' id='word_1_102' title='bbox 644 1691 841 1737; x_wconf 81' lang='lat' dir='ltr'>vernice</span> <span class='ocrx_word' id='word_1_103' title='bbox 886 1688 1154 1745; x_wconf 78' lang='lat' dir='ltr'>obductos,</span> <span class='ocrx_word' id='word_1_104' title='bbox 1203 1705 1324 1750; x_wconf 78' lang='lat' dir='ltr'>quos</span> <span class='ocrx_word' id='word_1_105' title='bbox 1362 1689 1437 1734; x_wconf 82' lang='lat' dir='ltr'>di-</span> 
     </span>
     <span class='ocr_line' id='line_1_19' title="bbox 82 1777 1436 1840; baseline -0.002 -12"><span class='ocrx_word' id='word_1_106' title='bbox 82 1784 316 1828; x_wconf 77' lang='lat' dir='ltr'>midiatos</span> <span class='ocrx_word' id='word_1_107' title='bbox 364 1801 427 1828; x_wconf 81' lang='lat' dir='ltr'>ex</span> <span class='ocrx_word' id='word_1_108' title='bbox 470 1782 610 1828; x_wconf 75' lang='lat' dir='ltr'>India</span> <span class='ocrx_word' id='word_1_109' title='bbox 663 1781 919 1835; x_wconf 76' lang='lat' dir='ltr'>orientali,</span> <span class='ocrx_word' id='word_1_110' title='bbox 973 1795 1127 1840; x_wconf 77' lang='lat' dir='ltr'>regno</span> <span class='ocrx_word' id='word_1_111' title='bbox 1173 1777 1436 1840; x_wconf 85' lang='lat' dir='ltr'>Japonenfi</span> 
     </span>
     <span class='ocr_line' id='line_1_20' title="bbox 85 1868 1436 1931; baseline -0.004 -12"><span class='ocrx_word' id='word_1_112' title='bbox 85 1888 135 1919; x_wconf 84' lang='lat' dir='ltr'>et</span> <span class='ocrx_word' id='word_1_113' title='bbox 169 1871 356 1919; x_wconf 82' lang='lat' dir='ltr'>Sinenfi</span> <span class='ocrx_word' id='word_1_114' title='bbox 394 1874 730 1919; x_wconf 76' lang='lat' dir='ltr'>transmittere</span> <span class='ocrx_word' id='word_1_115' title='bbox 770 1871 944 1927; x_wconf 80' lang='lat' dir='ltr'>solent,</span> <span class='ocrx_word' id='word_1_116' title='bbox 984 1871 1070 1931; x_wconf 80' lang='lat' dir='ltr'>qui</span> <span class='ocrx_word' id='word_1_117' title='bbox 1107 1868 1306 1915; x_wconf 81' lang='lat' dir='ltr'>curiosis</span> <span class='ocrx_word' id='word_1_118' title='bbox 1352 1887 1436 1915; x_wconf 86' lang='lat' dir='ltr'>na·-</span> 
     </span>
     <span class='ocr_line' id='line_1_21' title="bbox 86 1960 1436 2022; baseline -0.003 -12"><span class='ocrx_word' id='word_1_119' title='bbox 86 1979 225 2010; x_wconf 79' lang='lat' dir='ltr'>turae</span> <span class='ocrx_word' id='word_1_120' title='bbox 265 1965 461 2009; x_wconf 84' lang='lat' dir='ltr'>cimelia</span> <span class='ocrx_word' id='word_1_121' title='bbox 500 1965 621 2009; x_wconf 76' lang='lat' dir='ltr'>haec</span> <span class='ocrx_word' id='word_1_122' title='bbox 660 1978 832 2008; x_wconf 82' lang='lat' dir='ltr'>curare</span> <span class='ocrx_word' id='word_1_123' title='bbox 870 1960 1043 2006; x_wconf 81' lang='lat' dir='ltr'>solent.</span> <span class='ocrx_word' id='word_1_124' title='bbox 1114 1964 1172 2007; x_wconf 88' lang='lat' dir='ltr'>In</span> <span class='ocrx_word' id='word_1_125' title='bbox 1219 1960 1436 2022; x_wconf 84' lang='lat' dir='ltr'>piscibus</span> 
     </span>
     <span class='ocr_line' id='line_1_22' title="bbox 87 2051 1436 2115; baseline -0.003 -14"><span class='ocrx_word' id='word_1_126' title='bbox 87 2056 335 2115; x_wconf 75' lang='lat' dir='ltr'>ejusmodi</span> <span class='ocrx_word' id='word_1_127' title='bbox 386 2051 596 2100; x_wconf 78' lang='lat' dir='ltr'>difficile</span> <span class='ocrx_word' id='word_1_128' title='bbox 644 2051 711 2098; x_wconf 79' lang='lat' dir='ltr'>est</span> <span class='ocrx_word' id='word_1_129' title='bbox 754 2051 1006 2097; x_wconf 81' lang='lat' dir='ltr'>interdum</span> <span class='ocrx_word' id='word_1_130' title='bbox 1054 2051 1219 2097; x_wconf 81' lang='lat' dir='ltr'>radios</span> <span class='ocrx_word' id='word_1_131' title='bbox 1266 2053 1436 2113; x_wconf 88' lang='lat' dir='ltr'>pinna-</span> 
     </span>
     <span class='ocr_line' id='line_1_23' title="bbox 83 2138 1436 2205; baseline -0.004 -12"><span class='ocrx_word' id='word_1_132' title='bbox 83 2165 196 2194; x_wconf 76' lang='lat' dir='ltr'>rum</span> <span class='ocrx_word' id='word_1_133' title='bbox 240 2147 421 2192; x_wconf 79' lang='lat' dir='ltr'>molles</span> <span class='ocrx_word' id='word_1_134' title='bbox 467 2161 763 2205; x_wconf 80' lang='lat' dir='ltr'>numerare3</span> <span class='ocrx_word' id='word_1_135' title='bbox 815 2144 978 2189; x_wconf 84' lang='lat' dir='ltr'>multo</span> <span class='ocrx_word' id='word_1_136' title='bbox 1026 2138 1287 2189; x_wconf 79' lang='lat' dir='ltr'>difficilius</span> <span class='ocrx_word' id='word_1_137' title='bbox 1324 2159 1436 2188; x_wconf 86' lang='lat' dir='ltr'>acu-</span> 
     </span>
     <span class='ocr_line' id='line_1_24' title="bbox 84 2233 1435 2284; baseline -0.002 -2"><span class='ocrx_word' id='word_1_138' title='bbox 84 2238 191 2283; x_wconf 81' lang='lat' dir='ltr'>leos</span> <span class='ocrx_word' id='word_1_139' title='bbox 237 2238 495 2284; x_wconf 79' lang='lat' dir='ltr'>breviores</span> <span class='ocrx_word' id='word_1_140' title='bbox 542 2237 646 2282; x_wconf 88' lang='lat' dir='ltr'>cuti</span> <span class='ocrx_word' id='word_1_141' title='bbox 696 2234 953 2281; x_wconf 82' lang='lat' dir='ltr'>immersos</span> <span class='ocrx_word' id='word_1_142' title='bbox 1010 2245 1059 2279; x_wconf 89' lang='lat' dir='ltr'>et</span> <span class='ocrx_word' id='word_1_143' title='bbox 1106 2234 1302 2280; x_wconf 87' lang='lat' dir='ltr'>vernice</span> <span class='ocrx_word' id='word_1_144' title='bbox 1349 2233 1435 2279; x_wconf 91' lang='lat' dir='ltr'>ob-</span> 
     </span>
     <span class='ocr_line' id='line_1_25' title="bbox 89 2323 1435 2387; baseline -0.005 -12"><span class='ocrx_word' id='word_1_145' title='bbox 89 2329 288 2375; x_wconf 83' lang='lat' dir='ltr'>ductos:</span> <span class='ocrx_word' id='word_1_146' title='bbox 326 2330 646 2374; x_wconf 82' lang='lat' dir='ltr'>membranae</span> <span class='ocrx_word' id='word_1_147' title='bbox 677 2345 796 2373; x_wconf 87' lang='lat' dir='ltr'>vero</span> <span class='ocrx_word' id='word_1_148' title='bbox 834 2323 1238 2387; x_wconf 79' lang='lat' dir='ltr'>branchiostegae</span> <span class='ocrx_word' id='word_1_149' title='bbox 1272 2324 1435 2370; x_wconf 79' lang='lat' dir='ltr'>radios</span> 
     </span>
     <span class='ocr_line' id='line_1_26' title="bbox 87 2399 1435 2482; baseline -0.004 -18"><span class='ocrx_word' id='word_1_150' title='bbox 87 2437 349 2466; x_wconf 82' lang='lat' dir='ltr'>numerare</span> <span class='ocrx_word' id='word_1_151' title='bbox 396 2399 543 2482; x_wconf 88' lang='lat' dir='ltr'>plane</span> <span class='ocrx_word' id='word_1_152' title='bbox 579 2436 680 2465; x_wconf 88' lang='lat' dir='ltr'>non</span> <span class='ocrx_word' id='word_1_153' title='bbox 717 2420 866 2464; x_wconf 88' lang='lat' dir='ltr'>licet:</span> <span class='ocrx_word' id='word_1_154' title='bbox 917 2418 1183 2463; x_wconf 82' lang='lat' dir='ltr'>branchiae</span> <span class='ocrx_word' id='word_1_155' title='bbox 1221 2415 1435 2476; x_wconf 79' lang='lat' dir='ltr'>denique</span> 
     </span>
     <span class='ocr_line' id='line_1_27' title="bbox 89 2505 1433 2571; baseline -0.004 -16"><span class='ocrx_word' id='word_1_156' title='bbox 89 2510 220 2571; x_wconf 79' lang='lat' dir='ltr'>ipsae</span> <span class='ocrx_word' id='word_1_157' title='bbox 268 2509 456 2557; x_wconf 77' lang='lat' dir='ltr'>absunt.</span> <span class='ocrx_word' id='word_1_158' title='bbox 528 2515 585 2557; x_wconf 86' lang='lat' dir='ltr'>In</span> <span class='ocrx_word' id='word_1_159' title='bbox 622 2511 775 2557; x_wconf 73' lang='lat' dir='ltr'>labris</span> <span class='ocrx_word' id='word_1_160' title='bbox 810 2522 981 2555; x_wconf 84' lang='lat' dir='ltr'>notam</span> <span class='ocrx_word' id='word_1_161' title='bbox 1024 2509 1270 2553; x_wconf 75' lang='lat' dir='ltr'>labiorum</span> <span class='ocrx_word' id='word_1_162' title='bbox 1311 2505 1433 2551; x_wconf 76' lang='lat' dir='ltr'>cras-</span> 
     </span>
     <span class='ocr_line' id='line_1_28' title="bbox 89 2597 1433 2664; baseline -0.004 -16"><span class='ocrx_word' id='word_1_163' title='bbox 89 2602 256 2648; x_wconf 76' lang='lat' dir='ltr'>sorum</span> <span class='ocrx_word' id='word_1_164' title='bbox 305 2597 399 2647; x_wconf 71' lang='lat' dir='ltr'>offa</span> <span class='ocrx_word' id='word_1_165' title='bbox 447 2603 644 2648; x_wconf 77' lang='lat' dir='ltr'>labialia</span> <span class='ocrx_word' id='word_1_166' title='bbox 696 2603 975 2664; x_wconf 59' lang='lat' dir='ltr'>tegentiffln</span> <span class='ocrx_word' id='word_1_167' title='bbox 1024 2599 1165 2660; x_wconf 60' lang='lat' dir='ltr'>saepe</span> <span class='ocrx_word' id='word_1_168' title='bbox 1206 2597 1433 2643; x_wconf 44' lang='lat' dir='ltr'>obstare-</span> 
     </span>
    </p>
   </div>
   <div class='ocr_carea' id='block_1_3' title="bbox 915 2692 943 2735">
    <p class='ocr_par' dir='ltr' id='par_1_4' title="bbox 915 2692 943 2735">
     <span class='ocr_line' id='line_1_29' title="bbox 915 2692 925 2713; baseline 0 0"><span class='ocrx_word' id='word_1_169' title='bbox 915 2692 925 2713; x_wconf 61' lang='lat'>‘-</span> 
     </span>
     <span class='ocr_line' id='line_1_30' title="bbox 916 2714 943 2735; baseline 0 -1"><span class='ocrx_word' id='word_1_170' title='bbox 916 2714 943 2735; x_wconf 65' lang='grc' dir='ltr'>ί.)</span> 
     </span>
    </p>
   </div>
  </div>
 </body>
</html>
