1669 2906
347 145 452 200 CL.
473 141 548 198 V.
586 142 1121 198 HEPTAPTERYGH.
1308 155 1407 197 201

79 286 192 320 tum
237 271 372 336 spina
409 270 788 333 operculorum,
823 265 962 313 radio
997 263 1267 310 undecimo
1305 263 1416 310 dor-

80 343 170 390 sali
202 342 444 403 longiore.

284 409 495 455 Habitat
531 404 592 458 ad
624 402 805 448 insulas
840 402 1063 456 Antillas,

217 481 343 522 Cum
380 477 550 539 plures
586 471 683 515 viri
719 471 855 517 docti
890 472 1023 516 hunc
1067 467 1254 532 piscem
1289 465 1419 512 noti-

82 545 182 591 tiae
224 543 414 590 nostrae
459 539 781 595 tradiderint,
828 555 1009 600 operae
1047 538 1141 582 erit
1182 536 1419 599 pretium,

83 613 330 659 summam
386 608 729 670 descriptionis
780 608 944 652 variae
999 618 1285 667 excerptam
1338 604 1421 648 hic

85 696 388 744 comparare.
432 677 730 723 Artedianae
766 676 971 720 notitiae
1008 675 1060 720 in
1097 674 1286 719 Sebano
1317 671 1422 716 the-

84 749 228 797 sauro
264 744 543 811 propositae
580 746 701 790 haec
737 743 848 789 sunt
885 744 1057 806 capita.
1129 745 1190 787 Os
1234 740 1423 785 medio-

87 835 191 874 cre,
238 833 378 863 nares
425 815 663 874 utrinque
701 813 954 874 geminae3
999 809 1162 855 media
1197 809 1424 870 operculi

84 885 271 932 lamina
314 883 445 948 gerit
480 883 710 928 aculeum
746 882 952 926 unicum
973 895 1090 941 prae
1114 878 1320 939 reliquis
1345 892 1426 921 ro-

86 951 310 1009 bustum,
359 948 606 1015 postrema
652 949 800 994 duos:
848 946 1093 994 denticuli
1129 946 1220 1009 yel
1257 945 1426 990 tuber-

88 1024 200 1067 cula
247 1021 414 1066 scabra
467 1020 518 1063 in
564 1017 807 1072 maxillis,
857 1017 1024 1079 palato
1083 1026 1134 1059 et
1186 1012 1426 1060 faucibus.

89 1090 323 1152 Corporis
375 1088 516 1133 color
550 1097 834 1149 argenteus,
872 1085 952 1130 cui
995 1084 1047 1128 in
1092 1081 1428 1127 adultioribus

86 1157 381 1220 praesertim
423 1157 562 1202 aurei
607 1152 847 1217 quiddam
897 1148 1159 1198 admistum
1205 1162 1291 1195 est.
1371 1154 1430 1196 In

86 1238 306 1287 utroque
349 1226 508 1271 latere
556 1229 583 1269 6
620 1222 705 1266 vel
762 1239 787 1277 7
826 1221 988 1265 lineae
1034 1218 1265 1264 albedine
1306 1218 1432 1264 luci·

90 1294 231 1339 diore
284 1291 542 1338 coruscant
597 1306 688 1351 per
745 1288 1120 1348 longitudinem
1183 1286 1431 1349 corporis:

87 1361 320 1422 squamae
357 1354 677 1419 amplissimae
713 1352 1017 1409 durissimae,
1063 1351 1245 1417 postica
1291 1365 1434 1416 parte

90 1427 275 1474 aculeis
313 1426 506 1488 exiguis
539 1423 772 1487 plurimis
808 1423 1058 1468 horridae,
1129 1425 1167 1468 P
1201 1427 1254 1468 P.
1299 1422 1435 1467 albe-

88 1496 277 1543 scentes
312 1494 461 1541 radiis
505 1505 579 1549 14,
613 1491 861 1545 ventrales
900 1501 951 1546 8,
988 1490 1154 1554 primo
1192 1491 1436 1545 aculeato,

91 1569 144 1612 P.
176 1567 239 1610 D.
273 1560 456 1626 postica
489 1572 632 1625 parte
669 1560 774 1606 fere
811 1559 872 1607 ad
908 1558 1043 1605 basin
1080 1575 1240 1620 usque
1282 1557 1436 1604 incisa

93 1633 182 1690 -ᾗ--Ῑς,
226 1632 278 1677 in
323 1631 461 1677 sulco
504 1628 844 1684 recondenda,
888 1633 938 1675 P.
975 1633 1030 1674 A.
1061 1627 1334 1681 albescenS‚
1372 1623 1432 1683 -f43

95 1701 269 1746 aculeo
316 1699 467 1745 tertio
511 1693 800 1761 proecraffo,
844 1694 1196 1750 robustissimo,
1254 1692 1439 1757 postica

94 1779 237 1831 parte
274 1766 475 1822 sulcam,
511 1770 562 1812 P.
600 1770 649 1811 C.
689 1764 961 1821 albescens,
999 1763 1193 1811 bifurca
1236 1780 1292 1820 19
1324 1779 1438 1807 con-

96 1834 198 1891 stat,
237 1835 419 1880 aculeis
454 1835 692 1897 utrinque
728 1845 761 1890 4
782 1835 867 1879 vel
903 1848 929 1889 5
957 1830 1273 1878 exstantibus.
1305 1834 1439 1877 Lon-

97 1903 275 1967 gitudo
329 1909 356 1948 6
406 1903 692 1960 unciarum,
737 1902 954 1947 latitudo
1000 1900 1219 1946 maxima
1264 1898 1441 1944 unciae

100 1984 150 2017 et
188 1988 216 2027 9
251 1971 516 2027 linearum,
596 1974 770 2031 Hepar
803 1970 1049 2022 bilobum,
1079 1965 1274 2013 sinistro
1320 1966 1442 2012 lobo

100 2038 317 2102 majore3
353 2036 665 2083 ventriculus
702 2038 982 2093 mediocris,
1020 2037 1079 2082 ad
1099 2037 1341 2099 pylorum
1363 2052 1445 2097 ap-

100 2107 333 2172 pendices
370 2107 564 2168 aliquot
590 2103 953 2166 crassiusculae:
991 2103 1147 2150 vefica
1174 2120 1316 2149 aerea
1343 2120 1446 2149 ma-

101 2175 237 2222 xima
273 2175 418 2221 dorso
464 2172 628 2221 affixa:
675 2172 831 2230 costae
870 2191 914 2231 9.
983 2173 1216 2233 Eundem
1261 2171 1449 2234 piscem

106 2261 221 2291 cum
264 2243 440 2301 notitia
476 2243 745 2299 Artediana
791 2254 911 2288 tunc
947 2246 1056 2288 MS.
1103 2253 1449 2305 comparatum

104 2313 269 2373 multo
315 2309 536 2374 coposius
581 2309 838 2373 descripfit
877 2311 1160 2367 Gronovius
1194 2309 1363 2367 Musei
1411 2326 1449 2364 1,

105 2398 185 2427 no.
219 2394 297 2436 93.
332 2378 465 2424 unde
506 2378 795 2424 transferam
832 2392 971 2435 notas
1010 2379 1070 2435 ab
1105 2378 1314 2424 Artedio
1350 2392 1452 2420 non

106 2446 298 2506 politas.
388 2450 546 2508 Caput
596 2448 727 2506 inter
782 2449 955 2493 oculos
1012 2463 1191 2509 parum
1249 2460 1451 2498 excava-

109 2508 233 2572 ium,
272 2515 481 2576 superne
527 2515 588 2559 ad
626 2514 755 2570 dorsi
800 2517 1024 2574 initium'
1051 2529 1333 2560 convexum
1384 2524 1453 2556 at-

111 2601 208 2647 que
239 2583 356 2631 inde
394 2582 445 2627 in
481 2584 709 2643 maxillas
747 2584 1022 2630 admodum
1051 2582 1268 2635 declive,
1299 2581 1350 2625 in
1386 2581 1455 2625 la-

111 2652 303 2713 teribus
339 2650 486 2711 valde
525 2653 822 2712 aculeatum,
858 2652 1107 2715 margines
1145 2649 1279 2694 enim
1314 2648 1456 2694 lami·
