1669 2906
241 104 401 164 ORD.
428 102 497 159 Π.
523 99 790 157 THoRAc.
832 98 904 155 G.
924 107 1012 163 23.
1038 97 1267 156 BRAMA.
1351 121 1427 177 99

83 243 232 290 salem
276 242 454 287 aculeis
492 239 681 285 duobus
719 237 900 299 longis,
944 235 996 280 in
1034 231 1205 279 foffula
1240 251 1428 281 recum-

82 312 336 364 bentibus,
374 311 536 371 primo
575 307 776 368 quidem
814 304 953 366 supra
990 305 1155 364 nigro,
1193 301 1429 364 composi-

82 391 185 424 tam
239 376 414 433 omisit,
467 378 655 421 analem
710 390 826 419 vero
880 375 1109 434 priorem,
1165 372 1342 415 aculeis
1400 387 1426 415 2

82 447 414 501 brevioribus,
468 447 518 489 in
572 439 742 487 foss'ula
788 443 969 503 pariter
1015 440 1430 495 recumbentibus,

81 513 400 576 compositam
446 512 714 556 annotavit.
785 516 841 556 In
877 510 1028 554 altera
1065 507 1243 552 dorsali
1281 508 1431 568 pinna

79 583 240 628 radios
281 598 362 635 αι,
400 582 448 625 in
487 580 614 624 anali
651 579 801 623 altera
847 588 900 630 18
938 577 1217 635 numeravi3
1263 573 1341 620 sed
1374 574 1431 620 hi

80 651 239 696 anales
284 649 431 703 radii,
476 660 654 710 praeter
699 647 821 692 duos
859 647 1067 708 priores,
1112 659 1279 689 omnes
1317 642 1430 688 sunt

79 716 351 771 multifidi,
422 728 470 761 et
548 716 774 777 pinnulas
844 714 1024 775 spurias
1088 711 1430 756 scombrorum

78 787 363 832 membrana
401 786 680 830 coniunctas
718 785 860 845 plane
886 780 1129 827 referunt:
1167 776 1259 824 offa
1279 781 1432 824 etiam.

78 853 421 916 interspinosa,
475 853 653 913 quibus
707 848 927 897 insistunt
979 849 1152 903 erecti,
1207 865 1294 909 per
1348 864 1429 892 cu·

77 934 181 967 tem
234 920 361 967 dorsi
405 934 453 967 et
498 922 679 965 ventris
724 917 1048 979 ‘ti-ansparent,
1113 916 1309 976 obliqui
1353 932 1430 960 re-

77 991 379 1036 cumbentes.
466 990 616 1035 Linea
677 988 891 1033 lateralis
952 985 1174 1047 primum
1237 983 1430 1029 sursum

63 1058 224 1113 -flexa,
281 1057 407 1104 infra
461 1059 712 1119 regionem
757 1058 933 1116 pinnae
978 1054 1179 1099 alterius
1226 1051 1429 1098 dorsalis

76 1127 365 1173 descendens
409 1138 538 1171 recta
576 1125 636 1170 ad
672 1123 874 1169 caudam
911 1122 1093 1183 pergit,
1128 1132 1178 1166 et
1213 1122 1429 1166 carinam.

75 1196 129 1241 in
166 1195 310 1240 [cutis
346 1195 553 1255 trigonis
592 1191 751 1237 Versus
779 1190 981 1235 caudam
1012 1188 1278 1246 majoribus
1299 1204 1428 1234 erec·

75 1265 258 1309 tiorem
303 1275 351 1307 et
387 1257 767 1305 manifestiorem
803 1260 953 1318 gerit,
1010 1258 1149 1301 velut
1186 1258 1236 1301 in
1275 1256 1426 1303 scom-

74 1331 192 1376 bris.
265 1328 486 1375 Caudalis
523 1329 671 1388 pinna
708 1324 860 1371 bifida
897 1337 946 1369 et
982 1324 1151 1385 rigida,
1187 1337 1246 1369 ut
1275 1324 1428 1370 scom-

73 1398 306 1444 brorum:
343 1396 611 1458 pectorales
640 1393 854 1445 falcatae,
889 1393 1087 1453 longae:
1125 1393 1429 1438 ventralium

72 1466 213 1521 radii,
250 1467 413 1527 primo
450 1476 500 1509 et
535 1464 691 1509 altero
728 1462 956 1523 exceptis,
995 1461 1136 1519 nigri.
1190 1465 1243 1505 In
1269 1461 1429 1521 capite

74 1547 124 1582 et
162 1536 359 1580 thorace
395 1531 614 1595 squamas
651 1532 812 1576 nullas
850 1529 1119 1591 conspiciO,
1164 1526 1253 1573 nifi
1290 1528 1429 1590 quod

74 1600 179 1666 post
216 1602 385 1648 oculos
422 1603 615 1662 aliquot
652 1599 850 1645 adsunt:
899 1615 1034 1643 nares
1070 1599 1315 1659 geminae,
1353 1596 1427 1642 su-

74 1673 290 1734 periores
312 1672 544 1716 maiorest
582 1669 750 1716 dentes
768 1668 966 1721 minuti,
1002 1666 1276 1719 aniculares,
1313 1681 1429 1710 con-

75 1739 191 1784 ferti
226 1739 572 1783 maxillarumt
610 1738 847 1790 cranium,
883 1747 941 1779 ut
977 1735 1027 1779 in
1063 1750 1252 1794 genere,
1289 1733 1427 1794 quod

73 1812 196 1854 Zeus
233 1808 451 1852 Linnaeo
488 1805 639 1861 audit,
675 1817 724 1850 et
759 1807 812 1850 in
848 1802 1080 1848 scombris
1116 1802 1323 1862 aliquot,
1359 1802 1427 1846 al-

74 1888 177 1922 tam
240 1876 453 1919 carinam
515 1875 567 1919 in
621 1873 822 1918 dorsum
884 1872 1221 1916 continuatam
1273 1870 1426 1930 gerit:

74 1943 386 1990 membranae
438 1942 514 1989 br.
569 1942 693 1987 radii
746 1939 932 1985 adsunt.
1004 1937 1231 2000 Corporis
1286 1938 1427 1995 color

74 2012 216 2074 supra
258 2012 481 2073 glaucus,
526 2010 653 2056 infra
689 2020 959 2071 argenteu&
1030 2007 1237 2052 Videtur
1272 2007 1427 2068 igitur

71 2081 213 2143 piscis
257 2080 451 2125 Indicus
504 2081 587 2125 hic
640 2077 854 2123 scombri
897 2093 1047 2140 genus
1093 2092 1209 2121 cum
1250 2092 1427 2137 genere

72 2153 226 2196 Zenos
271 2147 583 2210 coniungere.
652 2148 795 2192 Schn.
1408 2188 1410 2191 .

209 2218 286 2262 *2.
356 2221 489 2264 ΒΑΗ.
559 2219 638 2260 Br.
675 2214 886 2275 squamis
922 2213 1062 2268 latis,
1109 2213 1258 2275 pinna
1297 2209 1423 2258 dorsi

73 2285 252 2332 caudae
289 2286 464 2346 ariique
500 2284 634 2339 latis,
681 2282 892 2344 squamis
928 2281 1122 2343 rigidis,
1160 2283 1290 2327 rictu
1326 2297 1424 2324 am-

73 2355 175 2416 plo,
222 2353 450 2399 dentibus
485 2352 652 2407 acutis,
688 2352 863 2413 longis,
899 2349 1134 2403 discretis5
1170 2365 1262 2392 ano
1299 2349 1425 2408 capi·

65 2424 115 2467 ⁴ti
159 2423 540 2484 propinquiore,
587 2421 855 2483 appendice
897 2416 1145 2479 squamosa
1189 2416 1249 2460 ad
1294 2414 1424 2466 halin

73 2491 416 2553 pectoralium.
492 2487 668 2548 Sparus
723 2486 839 2546 qui
894 2484 969 2533 Bl.
1013 2496 1045 2532 t.
1082 2497 1194 2541 273.
1248 2480 1423 2526 Brama

73 2558 257 2601 marina
292 2556 407 2615 qui
439 2573 543 2614 ¹¹5-
564 2573 610 2605 η.
630 2574 675 2613 4.
719 2553 961 2614 Willuglzb.
985 2564 1014 2598 t.
1047 2550 1092 2600 V.
1120 2567 1196 2600 12.
1229 2549 1303 2595 La
1341 2549 1426 2594 Ca-

61 2623 288 2688 stagnole
328 2623 567 2675 Dulzamel
592 2624 698 2675 ΙΙΙ.
727 2631 805 2673 26.
834 2634 871 2672 t.
901 2630 947 2670 6.
962 2620 1015 2683 f.
1048 2637 1090 2670 ι.

895 2695 937 2738 G
975 2704 1004 2736 2
