1669 2906
184 121 296 178 554
567 106 1140 162 ADDENDA.

181 233 271 280 sub
291 235 511 289 nomine}
557 237 749 293 Corpus
774 243 847 276 est
864 231 1187 287 rhombeum,
1206 231 1352 295 supra
1371 231 1526 278 brun-

178 321 348 359 neum,
383 303 511 349 infra
548 300 792 356 albidum,
829 302 1114 347 aculeatum
1142 302 1328 348 aculeis
1364 301 1530 348 minu-

180 374 241 419 tis
287 373 443 419 cauda
489 370 710 432 corporis
755 369 859 416 fere
908 370 1253 433 longitudine,
1305 371 1527 433 bipinna‚

177 441 329 503 spinis
377 437 653 487 numerosis
697 439 971 495 muricata,
1015 456 1230 501 quarum
1275 439 1528 498 majorum

178 511 324 557 [eries
365 523 406 568 3,
441 508 642 554 unicam
686 507 737 553 in
774 508 942 554 :medio
989 508 1136 555 dorso
1182 508 1358 555 videre
1393 509 1528 560 licet..

178 579 336 625 oculis
384 576 848 639 protuberantibuS,
893 577 1023 623 iride
1068 578 1205 633 alba,
1236 575 1405 625 'rostro
1441 579 1529 626 ob-

171 648 303 708 -tu[o‚
338 648 605 708 pinnarum
640 646 944 693 ventralium
977 646 1130 692 radiis
1166 647 1346 709 quinis,

314 726 393 772 Ad
434 723 819 785 Cephalopteram
861 727 1117 788 pertinere
1162 737 1249 772 aut
1293 727 1528 788 proxime

178 795 416 842 accedere
460 807 600 857 puto,
650 811 775 857 quae
810 792 882 838 La
916 792 1090 854 Cepede
1126 811 1190 841 ex
1230 795 1392 840 aliena
1426 796 1531 855 pic-

177 878 291 910 tura
329 877 380 910 et
415 865 697 910 narratione
729 864 792 909 de
828 864 1022 910 duabus
1045 861 1187 922 rajis,
1221 858 1529 907 Fabroniana

179 946 228 980 et
250 930 540 994 Batzcksiana
562 932 713 980 tradit
736 937 799 979 II.
823 948 840 977 1
857 947 872 977 1
889 946 908 976 1
927 957 986 965 ·-
1015 947 1030 978 1
1050 942 1122 985 13.
1161 930 1260 978 tab.
1273 935 1332 977 V.
1348 935 1383 978 F
1385 933 1528 979 abro-

177 1003 320 1049 niana
365 1002 416 1047 in
436 1001 714 1061 Liburnico
735 1002 863 1048 mari
885 1014 1041 1063 capta,
1062 1000 1242 1047 accolis
1278 999 1533 1063 piscatori·

176 1073 269 1117 bus
296 1069 425 1128 qua
462 1085 604 1114 vacca
641 1071 795 1128 audit,
833 1083 884 1117 et
919 1070 1073 1116 cauda
1095 1070 1328 1116 mutilata
1347 1070 1532 1117 Museo

179 1139 466 1191 Florentino
487 1140 644 1192 illata,
661 1138 802 1199 cujus
819 1140 990 1203 pinnas
1005 1136 1532 1205 pectorales'ang'ustas‚

176 1210 410 1273 capitales
448 1221 677 1271 quartam
715 1210 939 1272 corporis
967 1221 1165 1270 partem
1185 1207 1292 1253 fere
1312 1211 1534 1271 'aequan-

179 1292 250 1324 tes
299 1277 477 1338 habet3
526 1279 602 1324 his
647 1275 1004 1339 posterioribus
1051 1290 1245 1324 tentare
1298 1277 1434 1323 viam
1483 1290 1532 1323 et

178 1347 418 1409 praedam
455 1347 532 1392 ori
568 1347 819 1394 adducere
840 1347 1039 1393 dicitur.
1086 1346 1346 1409 Spiracula
1374 1346 1531 1393 utrin-

179 1434 276 1479 que
314 1416 466 1478 quina
494 1428 736 1479 apparent
769 1416 821 1463 in
845 1417 1058 1480 pictura.

320 1496 522 1541 Pictura
575 1494 908 1551 Ranckssanam
959 1505 1217 1541 natantem
1273 1494 1326 1539 in
1377 1495 1529 1557 aquis,

165 1565 449 1627 'pinnarum
504 1564 797 1625 capitalium
846 1562 973 1610 fines
1027 1562 1302 1609 anteriores
1349 1561 1532 1609 filifor-

164 1640 313 1690 'niesg‘
370 1631 581 1692 caudam
629 1635 970 1696 apterygiam,
1024 1632 1199 1693 pinnas
1250 1632 1532 1692 pectorales

178 1698 480 1765 angustiores
514 1703 665 1747 etiam
702 1718 853 1763 quarn
896 1702 949 1746 in
984 1700 1177 1763 priore,
1220 1701 1396 1746 oculos
1432 1718 1535 1747 non

161 1771 425 1833 ‘laterale5,
463 1768 545 1815 sed
583 1770 729 1833 supra
766 1767 948 1834 politos
993 1769 1055 1817 ad
1092 1765 1226 1814 basin
1263 1770 1533 1833 pinnarum

177 1840 496 1902 capitalium,
544 1840 779 1885 dorsum,
803 1855 858 1885 10
896 1838 1106 1884 maculis
1140 1835 1414 1905 linearibus
1452 1856 1533 1883 va·

179 1910 431 1971 riegatum
476 1907 717 1957 ostendit:
777 1908 958 1954 notitia
1006 1907 1233 1969 picturae
1281 1923 1344 1952 ex
1390 1907 1532 1961 India

177 1977 408 2024 orientali
441 1989 502 2023 tr
506 1973 747 2037 msmiffae
784 1976 953 2034 addita
975 1992 1161 2022 nomen
1173 1971 1348 2018 Diable
1364 1973 1420 2026 de
1439 1991 1537 2019 mer

182 2046 433 2102 tradebat,
484 2059 534 2092 et
587 2058 777 2092 tantam
823 2036 965 2109 piscis
1008 2045 1225 2109 molem,
1268 2057 1327 2090 ut
1375 2045 1533 2090 boum

180 2116 308 2179 jugis
348 2115 539 2177 septem
577 2116 788 2161 demum
832 2111 1016 2173 junctis
1061 2113 1190 2160 mari
1236 2114 1534 2172 extrahatur

177 2203 228 2230 m
268 2198 470 2230 terram.

281 2279 333 2339 P.
359 2281 471 2332 588.
531 2274 610 2318 Ad
645 2276 808 2332 Genus
845 2282 921 2339 8¹?
973 2271 1160 2321 Silurus
1205 2271 1431 2319 accedat:

269 2368 348 2411 55.
394 2359 684 2401 LINEATU&
711 2357 756 2401 S„
800 2354 956 2401 Pinna
973 2352 1155 2399 dorsali
1173 2349 1354 2415 postica
1378 2363 1428 2396 et
1455 2351 1535 2396 ani

182 2441 300 2481 cum
320 2423 519 2477 caudali
542 2424 696 2479 unita,
721 2423 899 2469 cirrhis
929 2432 956 2474 8
987 2423 1135 2467 lineis
1162 2432 1378 2484 quatuor
1395 2419 1532 2466 albis.

318 2508 535 2563 Brevem
571 2502 700 2547 hanc
736 2501 969 2547 notitiam
1003 2500 1172 2563 posuit
1204 2504 1254 2546 C.
1275 2504 1326 2545 P.
1361 2499 1535 2545 Thun-

180 2574 302 2634 berg
347 2572 397 2616 in
445 2571 627 2617 quseo
665 2583 826 2617 natur.
865 2569 1014 2616 Acad.
1053 2566 1347 2631 Upsalienfis
1391 2578 1533 2626 1787.

181 2658 289 2702 pag.
331 2655 405 2699 3¹·
