1669 2906
203 85 314 157 560
599 87 1163 150 ADDENDA.

196 214 393 278 plures,
443 209 745 267 mollissimi,-
795 211 1085 264 brevissimi.
1140 222 1449 284 Magnitudo
1501 240 1550 272 et

196 282 346 328 facies
383 283 589 344 clupeae
626 283 848 346 harengi.
919 287 1132 334 Habitat
1177 307 1424 338 oceanum
1468 311 1548 356 pa-

197 350 403 398 cificum
447 363 497 396 et
534 350 771 396 scombris
810 352 944 399 escae
982 352 1059 401 est.

351 420 568 481 Heparis
611 420 718 465 lobi
780 421 881 468 duo
946 424 1257 487 inaequales,
1318 429 1544 478 intestina

194 490 459 552 quinquies
494 489 578 533 vel
615 487 769 535 sexies
804 491 1060 540 involuta:
1106 493 1320 544 vesicula
1355 513 1546 547 natato-

191 559 264 604 ria
303 558 475 604 deerat
520 556 642 619 pisci
686 575 712 603 a
749 561 1106 610 Commersono
1144 562 1372 626 dissecto,
1410 582 1545 617 certe

189 644 291 674 non
325 639 526 689 reperta
561 625 674 672 fuit,

459 718 512 764 P.
534 728 647 776 487.
685 716 792 781 post
828 720 1017 767 lineam'
1053 735 1086 781 4
1123 724 1278 773 adde:v

327 798 603 843 Varietates
640 799 894 862 anguillae
933 815 957 857 5
1000 819 1062 848 ex
1099 804 1260 851 aliena
1295 807 1539 859 relatione

192 866 451 914 annotavit
486 862 558 909 La
592 863 767 925 Cepede
788 865 859 913 II.
900 875 1009 916 261.

332 964 371 992 1.
425 951 680 992 ACERINE.
744 943 943 1003 Minor,
1002 953 1179 997 ventre
1232 951 1399 1003 flavo:
1454 968 1537 1006 au·

187 1027 368 1062 tumno
406 1015 615 1077 paludes
640 1015 691 1060 in
722 1016 904 1062 vicinia
927 1019 1253 1080 venetiarum
1279 1042 1537 1088 nunquam

181 1086 483 1146 relinquens,
520 1095 578 1130 ut
612 1100 751 1129 mare
787 1078 944 1131 adeat.
989 1077 1292 1147 Spallanz'ani
1319 1080 1536 1144 Itinerar.

183 1147 335 1198 Siculi
368 1158 528 1200 Tomo
549 1157 632 1200 VI.
658 1153 782 1199 vers.
819 1150 1029 1217 gallicae
1068 1166 1501 1212 commemoravit.

328 1238 370 1266 ρ.
427 1227 708 1284 Sequanam
761 1240 824 1268 ex
871 1227 998 1270 mari
1046 1226 1201 1274 intrat
1246 1237 1363 1277 cum
1406 1234 1533 1297 gado

180 1294 445 1356 merlango
482 1292 703 1355 anguilla
734 1291 1080 1354 pulcherrima
1108 1298 1268 1360 capite
1302 1296 1532 1349 tenuiore

181 1364 282 1424 (un
312 1375 410 1422 peu
435 1358 630 1418 menae)
665 1378 792 1423 quae
826 1362 978 1409 hamo
1026 1364 1247 1413 salmone
1293 1373 1529 1432 eperlano

178 1432 388 1494 aliisque
425 1429 626 1493 pisculis
661 1429 878 1476 inescato
916 1433 1125 1494 capitur.

318 1514 361 1556 5.
409 1497 581 1560 Capite
628 1499 793 1553 tenui,
831 1494 1074 1563 oblongo,
1113 1504 1282 1565 colore
1317 1505 1527 1564 brimeo,

175 1573 459 1631 Sequanam
493 1566 701 1624 habitat,
736 1568 941 1614 nomine
977 1572 1187 1632 proprio
1219 1569 1529 1632 Pimpemeaze

165 1638 440 1701 appellata.

312 1729 359 1772 4.
417 1719 661 1761 GmsEAu.
714 1710 874 1776 Caput
919 1715 1122 1761 brevius
1173 1730 1225 1765 et
1259 1713 1412 1782 paulo
1456 1715 1523 1771 la.1

173 1787 272 1833 tius
304 1783 505 1847 vulgari
538 1799 716 1844 corpus
754 1785 906 1830 etiam
936 1784 1151 1842 brevius,
1189 1790 1360 1836 oculos
1381 1807 1524 1854 gran-

173 1855 354 1910 diores,
391 1868 590 1899 carnem
627 1850 920 1907 firmiorem,
944 1853 1304 1916 pinguedinem
1336 1863 1524 1922 gratio—

170 1941 282 1971 rem
319 1922 495 1977 habet;
531 1920 702 1966 colore
739 1922 1052 1968 variatinter
1083 1923 1286 1985 nigrum
1325 1940 1376 1974 et
1405 1930 1522 1977 bru·

168 2009 339 2052 neum,
359 1989 549 2053 pallide
569 1989 801 2053 griseum,
829 1986 1275 2056 rufescentemque.
1310 1997 1522 2047 Habitat

168 2061 383 2108 eandem
417 2062 711 2121 Sequanam.
752 2063 1016 2122 Comparat
1052 2060 1180 2108 hanc
1203 2065 1373 2111 Gallus
1398 2064 1524 2111 Noe!

168 2130 254 2176 cui
298 2129 513 2175 debetur
549 2127 852 2188 varietatum
898 2126 1233 2191 posteriorum
1270 2149 1301 2190 4
1338 2137 1518 2183 notitia

166 2214 287 2245 cum
332 2197 554 2260 anguilla
595 2195 733 2243 flavii
778 2198 928 2256 Euri,
978 2214 1130 2261 quam
1172 2200 1368 2249 incolae
1403 2203 1517 2251 Bre-

162 2276 279 2312 teau
312 2276 508 2312 vocant·

304 2358 350 2402 5.
395 2344 670 2391 ANetiiLLE
709 2360 887 2391 cmi-,N-
936 2350 1097 2409 Caput
1132 2347 1331 2412 longius
1368 2363 1418 2398 et
1442 2352 1514 2400 la-

164 2415 267 2463 tius
311 2413 534 2476 vulgari,
588 2413 822 2475 planum,
865 2415 1038 2461 oculos
1085 2418 1294 2479 grandes
1338 2420 1509 2483 habet3

162 2482 365 2545 vulgari
401 2482 567 2527 multo
600 2479 848 2544 gulofior:
884 2483 1019 2530 unde
1056 2502 1272 2534 nomen:
1309 2487 1360 2535 in
1398 2492 1511 2538 cibo

160 2553 329 2599 minus
365 2563 504 2614 grata
539 2562 747 2613 propter
780 2567 979 2598 carnem
1008 2551 1508 2606 filamentosamei·

162 2623 296 2673 citur
331 2620 523 2675 cirrhos
558 2619 637 2671 ori
672 2617 917 2685 appofitos
951 2638 1144 2687 gerere.

1316 2698 1369 2743 P.
1397 2710 1503 2753 502.
