1669 2906
380 131 484 188 CL.
507 127 586 185 V.
624 130 1168 186 HEPTAPTERYGU.
1332 147 1358 198 3
1379 146 1437 200 17

210 261 369 320 Caput
393 251 737 318 compressum,
776 270 984 316 corpore
1016 250 1276 315 angustum,
1305 252 1442 315 squa-

107 326 329 386 mosum3
367 342 419 372 os
447 326 578 371 rictu
601 323 918 377 horizontali,
956 322 1188 382 obliquo:
1226 319 1442 368 rostrum

107 395 489 455 acutangulum‚
530 391 737 436 maxilla
781 389 1033 450 superiore
1074 388 1296 452 longius:
1340 406 1442 434 ma-

104 462 229 506 xilla
264 460 491 521 superior
523 458 740 514 brevi0r‚
777 457 1000 513 dentata,
1037 458 1334 503 extractilis:
1371 458 1441 502 la-

105 530 186 574 bia
222 527 443 575 carnosa:
502 526 673 572 dentes
708 526 945 586 utrinque
983 538 1032 571 et
1068 527 1118 570 in
1155 527 1350 586 palato:
1389 526 1441 569 in

104 596 324 641 maxillis
361 594 593 649 subtilati,
629 594 821 648 breves,
858 591 1025 654 sparsl,
1062 594 1113 639 in
1149 595 1314 655 palato
1349 594 1440 637 mi-

103 665 241 710 nuti:
298 677 440 709 nares
497 661 724 725 geminae
777 661 993 717 mediae,
1039 661 1441 716 remotiusculae,

104 732 375 778 anteriores
422 731 664 784 minores,
719 726 1012 791 posteriores
1057 742 1257 775 ovatae:
1306 730 1442 774 oculi

103 799 337 862 supremi,
373 799 539 854 vicini,
575 794 865 852 mediocres,
901 797 986 842 iris
1021 809 1254 859 argenteo
1289 797 1440 843 flava:

103 869 341 930 opercula
368 866 639 928 triphylla,
678 862 803 911 ossea
826 864 1108 926 squamosa:
1145 865 1330 910 lamina
1360 882 1442 909 an-

105 937 261 982 terior
304 935 509 990 serrata,
547 933 878 995 emarginata‚
912 932 1039 977 infra
1076 932 1343 978 rotundata
1388 949 1443 978 ac

104 1003 562 1050 ‹lentato-serrata:
600 999 841 1063 posterior
879 1000 1022 1062 supra
1058 998 1192 1046 basin
1220 1005 1336 1047 BP.
1358 1018 1440 1045 ex-

103 1083 336 1118 currente
380 1071 432 1117 in
476 1070 819 1116 membranam
856 1070 1209 1124 acuminatam,
1243 1067 1441 1129 imposi-

101 1154 306 1203 tamque
356 1133 402 1185 ei
449 1137 638 1201 spinam
683 1133 980 1199 adpreffam,
1025 1138 1249 1198 planam3
1294 1138 1444 1182 tertia

103 1211 217 1265 ima,
256 1204 476 1271 angusta,
511 1206 670 1269 supra,
707 1205 769 1251 ad
801 1202 1165 1251 commissuram
1202 1222 1317 1250 cum
1355 1223 1443 1266 po-

104 1276 238 1333 stica,
276 1276 544 1322 tuberculo
585 1271 712 1320 offeo
748 1285 939 1328 notata,
983 1274 1273 1334 recipiendo
1311 1274 1443 1318 intra

103 1344 521 1406 emarginaturam
556 1342 770 1386 laminae
799 1341 1083 1386 anterioris:
1122 1342 1442 1386 membranae

100 1414 177 1458 br.
209 1423 234 1470 7
272 1410 428 1456 radii:
467 1409 670 1455 dorsum
695 1420 953 1453 arcuatum
981 1410 1441 1470 monopterygimn,

102 1479 349 1527 abdomen
404 1477 717 1536 subrectum3
780 1477 911 1522 linea
968 1478 1186 1523 lateralis
1249 1478 1440 1538 supera,

102 1553 266 1605 curva,
299 1543 537 1609 parallela
572 1545 714 1592 dorso
751 1562 868 1590 anus
905 1542 1141 1606 posticus:
1179 1545 1333 1591 cauda
1360 1562 1443 1590 an-

102 1614 250 1679 gusta,
287 1611 578 1677 compressa,
617 1614 845 1675 squamae
888 1614 1133 1668 minutae,
1172 1613 1442 1669 confertae,

102 1683 406 1730 imbricatae.
477 1687 527 1728 P.
566 1687 626 1728 D.
673 1684 801 1727 intra
852 1681 1106 1726 foveolam
1153 1682 1444 1727 condendae

101 1753 229 1798 radii
263 1753 342 1809 ἐξ.
378 1755 429 1796 P.
448 1755 498 1796 P.
536 1753 842 1796 acuminatae
881 1764 952 1805 15.
990 1754 1040 1794 P.
1058 1754 1113 1794 V.
1144 1749 1442 1795 rotundatae

104 1823 148 1876 {a
177 1824 228 1865 P.
252 1825 307 1864 A.
345 1819 620 1879 inaequalis
651 1817 728 1873 3³35·
762 1823 813 1863 P.
850 1822 897 1862 C.
936 1816 1119 1862 bifidae
1165 1831 1222 1873 14
1268 1834 1442 1863 omnes

102 1890 281 1950 pinnae
303 1886 549 1931 flavicant.
574 1887 748 1948 longit.
777 1905 802 1941 9
824 1885 1098 1940 unciarum,
1122 1886 1337 1931 latitudo
1362 1888 1440 1942 Q}

235 1951 486 2016 Equidem
531 1967 801 2014 utrumque
842 1957 1005 1998 Gram.
1045 1953 1443 2015 quinquelineati

104 2025 396 2086 exemplum
431 2020 610 2068 ficcum
649 2039 762 2068 cum
800 2022 1113 2067 Holocentro
1150 2019 1443 2084 Bengalenfi

103 2093 267 2138 multo
302 2092 497 2136 minore
534 2091 585 2135 in
621 2091 817 2152 liquore
854 2089 1025 2135 vinoso
1063 2090 1277 2146 servato,
1326 2090 1440 2135 dili-

101 2156 372 2224 gentiffime
398 2160 697 2217 comparavi,
728 2170 777 2203 et
794 2169 1061 2219 utramque
1089 2157 1302 2219 speciem
1325 2174 1443 2205 cum

102 2228 280 2274 notitia
327 2225 535 2274 Forsteri
573 2243 845 2289 congruere
881 2226 1009 2280 vidi,
1058 2224 1147 2270 nili
1190 2226 1325 2287 quod
1363 2230 1443 2272 Gr.

104 2296 537 2358 quinquelineatus
566 2310 591 2351 5
621 2296 765 2339 lineis
798 2294 1036 2340 caeruleis
1061 2306 1291 2339 notatum
1314 2295 1445 2357 gerit

104 2381 296 2426 corpus,
333 2364 383 2408 in
415 2375 626 2425 utraque
665 2363 823 2424 specie
861 2382 886 2419 7
917 2362 1080 2408 radios
1120 2363 1442 2408 membranae

102 2433 176 2479 br.
205 2433 478 2477 numeravi.
548 2435 604 2477 In
651 2432 780 2476 notis
816 2429 1100 2477 Blochianis
1147 2448 1271 2491 quae
1310 2430 1442 2491 spec-

102 2513 210 2546 tant
245 2501 501 2561 opercula,
548 2497 696 2544 falsae
733 2499 866 2555 sunt,
902 2500 1085 2545 rectius
1123 2499 1181 2544 ab
1218 2498 1324 2559 ipso
1359 2514 1441 2542 an-

103 2582 181 2614 tea
217 2570 268 2613 in
305 2567 635 2628 descriptione
664 2567 873 2629 piscium
907 2579 1182 2614 annotatae.
1219 2571 1263 2610 ls
1292 2567 1443 2611 etiam

102 2638 150 2683 in
188 2649 399 2698 utraque
435 2635 594 2697 specie
629 2636 952 2683 tuberculum
990 2633 1195 2680 infimae
1232 2650 1442 2696 opercu-
