1669 2906
196 135 307 206 154
417 130 577 193 ORD.
602 134 641 192 Ι.
660 135 868 194 JUGUL.
910 133 985 194 G.
1007 149 1100 208 40.
1122 138 1344 198 anm.

190 270 358 317 multo
410 272 576 317 minus
628 270 755 316 alter
808 270 947 319 sexus
993 285 1042 319 et
1087 275 1296 321 minime
1335 278 1562 340 gentium

191 340 411 386 eiusdem
465 339 636 401 pullus
680 338 865 398 junior.
938 345 1089 388 Carne
1125 345 1384 402 molliore,
1442 345 1560 407 sapi-

192 407 408 465 disfima,
456 420 569 453 cute
618 408 931 466 delicatiore,
978 422 1027 457 et
1070 412 1125 458 in
1170 415 1321 476 pinna
1366 414 1561 460 caudali

187 480 451 540 praecipue
496 476 691 524 caduca.
759 478 903 526 Schn.

334 595 415 626 22.
486 583 751 628 LUNATUS.
822 583 898 631 Pl.
946 584 1167 645 corporis
1206 583 1376 629 ocellis
1415 584 1559 630 dimi-

189 648 333 696 diatis
354 645 534 710 sparsis,
572 650 831 698 coeruleiS.
902 649 957 699 P.
996 652 1155 709 Argus
1192 651 1265 700 ΒΖ.
1305 662 1339 699 t.
1376 663 1445 704 18.
1486 651 1558 701 ΡΙ,

183 720 352 776 Argus
389 731 432 762 n.
473 732 553 777 25.
590 715 724 762 Limz.
762 732 805 764 n.
846 734 922 779 17·
966 719 1108 764 Gmel.
1136 736 1279 779 1239.
1318 731 1363 764 et
1400 718 1559 779 Paffer

184 784 406 830 oculatus
451 782 660 828 Plumier
706 783 800 832 MS.
848 790 986 835 cuius
1035 788 1418 854 descriptionem
1463 788 1557 836 suf-

184 853 377 902 furatus
425 854 582 901 edidit
617 851 825 900 Feuillcsse
860 855 962 903 III.
1000 873 1111 904 210.

251 962 307 1007 P.
344 974 415 1005 10.
451 964 510 1008 V.
537 969 583 1013 8.
618 965 673 1006 A.
695 959 774 1017 69.
811 963 858 1006 C.
888 974 961 1019 17.
997 964 1061 1008 D.
1085 977 1161 1020 79.

319 1063 529 1110 Habitat
583 1061 644 1109 ad
697 1062 936 1121 Antillas,
990 1079 1133 1111 carne
1186 1064 1318 1121 alba,
1371 1062 1552 1125 sapida,

180 1130 393 1194 spinulis
431 1130 660 1180 scatente.

330 1232 434 1282 γαν.
478 1239 703 1291 Manem,
739 1234 888 1282 radiis
924 1236 1098 1299 primis
1136 1237 1405 1298 pinnarum
1440 1252 1555 1281 ven-

179 1304 390 1350 tralium
419 1305 472 1350 in
499 1303 651 1350 filum
679 1303 934 1366 elongatis.
986 1302 1173 1365 Brozff.
1203 1301 1493 1366 Jelztlzsasc‚
1511 1302 1552 1346 I.

185 1369 331 1418 Gmel.
374 1379 514 1431 1258.
542 1386 587 1416 n.
617 1389 695 1431 24.

317 1476 528 1523 Habitat
569 1477 624 1522 in
659 1474 787 1520 mari
824 1473 1049 1536 pacifico,

315 1579 564 1626 Linnaeus
601 1577 808 1623 caudam
846 1579 1092 1632 lunatam,
1129 1581 1182 1624 P.
1212 1580 1266 1623 P.
1305 1593 1379 1625 12.
1416 1581 1473 1623 V.
1505 1581 1552 1624 6.

177 1651 237 1695 A.
270 1664 347 1706 79.
402 1652 449 1694 C.
492 1662 564 1700 17.
618 1650 680 1692 D.
712 1657 792 1704 85.
848 1658 1180 1701 annotaveiat,
1237 1658 1286 1691 et
1333 1647 1552 1692 Catesbei

179 1716 281 1764 tab.
320 1731 402 1774 27.
440 1727 829 1776 comparaverat.
902 1717 1103 1762 Viderat
1139 1715 1295 1776 igitur
1332 1713 1432 1775 ipse
1472 1714 1552 1759 vel

177 1787 283 1832 eius
321 1786 506 1831 amicus
544 1783 729 1830 Garder
765 1783 963 1847 piscem,
999 1785 1140 1829 cuius
1177 1783 1444 1845 pinnarum
1481 1799 1553 1828 ra-

178 1854 288 1901 dios
326 1853 582 1900 Catesbeus
620 1869 882 1899 numerare
920 1852 1173 1908 omiserat,
1220 1853 1306 1912 qui
1345 1851 1553 1897 caudam

175 1923 471 1971 rhombeam
525 1921 654 1969 dixit
707 1934 755 1967 et
812 1923 993 1984 pinxit.
1074 1926 1265 1984 Argum
1323 1920 1550 1965 Blochius

177 2009 239 2038 ex
275 1993 469 2055 pictura
506 1991 822 2038 Plumeriana
859 1991 1130 2045 transtulit,
1168 1991 1220 2035 in
1259 2005 1355 2051 qua
1390 1988 1550 2033 radios

177 2077 444 2107 numerare
491 2058 702 2106 difficile
748 2073 798 2105 et
835 2061 1017 2106 inutile
1055 2070 1181 2114 erat,
1227 2074 1342 2103 cum
1381 2057 1551 2104 Gallus

176 2145 394 2175 numero
439 2128 699 2174 radiorum
745 2130 1096 2175 auctoritatem
1141 2127 1201 2172 ad
1248 2125 1552 2172 definiendas

177 2199 395 2260 pi.!cium
440 2196 618 2258 species
664 2198 861 2243 nullam
908 2197 1170 2243 tribueret.
1242 2198 1461 2240 Demum
1499 2195 1550 2239 in

175 2266 399 2312 editione
443 2261 674 2312 historiae
723 2265 933 2327 piscium
971 2265 1157 2311 Gallica
1196 2264 1427 2309 Blochius
1474 2263 1549 2307 111-

175 2348 354 2381 natum
390 2334 599 2380 Linnaei
637 2334 918 2395 composuit
957 2350 1071 2378 cum
1109 2337 1265 2394 Argo,
1313 2331 1448 2394 quod
1486 2330 1549 2376 fa·-

175 2416 315 2450 ctum
368 2419 469 2449 non
523 2402 773 2462 improbo⁰
871 2407 1060 2447 Verum
1115 2398 1329 2447 ass‘entiri
1386 2399 1546 2445 amico

175 2490 278 2518 non
335 2468 486 2518 ausim
540 2470 594 2516 in
640 2486 722 2525 eo,
779 2471 914 2531 quod
961 2487 1193 2516 mancum
1242 2464 1546 2516 Brouss'oneti

176 2559 292 2587 cum
329 2540 504 2587 eodem
541 2541 872 2601 comparavit,
911 2539 1018 2585 satis
1044 2540 1352 2601 negligenter
1372 2535 1546 2581 descri-

176 2623 338 2673 ptum.
407 2609 507 2657 Hic
543 2620 772 2654 mentum
811 2607 979 2654 subtus
1022 2608 1418 2660 tuberculatum,
1465 2621 1546 2649 or-

174 2680 334 2727 bitam
390 2673 658 2725 exstantem
712 2678 929 2723 anterius
987 2677 1284 2731 aculeatam,
1337 2672 1543 2720 inferius
