1669 2906
457 144 530 200 G.
564 163 582 199 1
597 187 612 204 .,
649 142 1148 200 LEPADOGASTER.
1433 125 1476 208 5

120 280 436 336 circularem,
472 280 845 335 conchoideam,
881 276 1268 338 cartilagineam‚
1302 291 1472 338 corpo-

119 351 166 395 ri
214 349 473 403 acclinem,
519 347 598 393 sed
641 349 862 393 liberam.
932 349 1065 392 Haec
1108 345 1162 389 in
1197 344 1472 391 ventricoso

120 429 170 462 et
220 417 416 461 minuto
463 416 621 471 deest,
667 418 718 461 in
755 415 933 478 quibus
968 413 1125 459 Pallas
1161 412 1472 458 acetabulum

121 501 280 530 unum
325 496 374 529 et
430 484 747 529 individuum
805 483 964 528 limbo
1008 481 1242 541 utrinque
1285 479 1473 525 radiato

119 565 171 599 et
215 553 517 597 venti-alium
561 552 827 613 pinnarum
871 552 998 596 vices
1041 560 1240 612 gerente
1275 560 1473 599 annota-

119 622 208 666 vit.
280 625 495 681 Utraque
534 621 687 682 igitur
709 621 826 665 haec
858 618 1034 681 species
1069 617 1129 663 ad
1165 617 1473 676 cycloptems

120 689 381 750 releganda
418 691 604 733 iterum
639 688 850 733 videtur.
920 691 976 732 In
1000 686 1239 731 Plumerii
1268 681 1474 745 cephalo

118 758 279 802 veluti
315 758 368 803 in
404 757 608 811 dentice,
645 757 840 801 minuto
876 766 925 800 et
946 751 1150 800 rostrato
1169 754 1349 815 pinnae
1369 768 1476 813 pec-

119 826 300 871 torales
337 825 731 887 quadrigeminae
767 823 963 878 adsunt,
1020 826 1231 883 quaru‘m
1266 821 1476 866 anterio-

119 910 196 940 res
233 905 283 938 et
319 895 533 938 minores
566 892 809 938 acetabuli
844 890 1091 936 individui
1128 902 1317 951 partem
1345 889 1477 950 prio-

120 978 229 1007 rem
297 963 693 1023 amplectuntur:
766 976 875 1021 pars
934 959 1176 1005 acetabuli
1237 953 1476 1019 posterior

119 1030 339 1075 limbum
405 1030 456 1074 in
521 1030 714 1090 pictura
767 1028 1009 1073 Plumerii
1069 1027 1305 1086 utrinque
1356 1024 1478 1070 duo-

119 1097 276 1144 decies
338 1097 583 1142 radiatum
655 1096 795 1158 gerit.
893 1096 1074 1141 Oculos
1127 1095 1290 1156 pictor
1345 1092 1479 1138 addi-

120 1166 208 1216 dit.
279 1165 417 1212 Idem
453 1165 734 1211 Plumerius
772 1165 824 1208 in
861 1163 960 1208 alio
983 1162 1104 1207 folio
1143 1162 1344 1218 Codicis,
1364 1161 1478 1206 1310-

120 1236 284 1280 chiani
329 1235 576 1295 picturam
630 1230 1008 1290 quadruplicem
1061 1229 1286 1290 apposuit
1336 1229 1479 1291 piscis

120 1300 333 1354 testacei,
402 1316 554 1360 quem
614 1294 863 1353 Cephalum
904 1294 1191 1350 fluviatilfflssz
1257 1296 1480 1342 minorem

119 1368 267 1426 vulgo
286 1364 484 1425 succet,
524 1365 734 1409 vocavit.
803 1368 846 1409 Is
883 1364 1053 1425 pinnas
1098 1366 1365 1425 pectorales
1401 1381 1479 1427 ge-

118 1438 296 1490 minas,
334 1434 638 1480 ventralium
656 1433 769 1476 loco
793 1432 1106 1477 acetabulum
1143 1432 1477 1489 individuum,

56 1504 58 1506 ’
119 1503 366 1552 dorsalem
408 1518 526 1547 vero
571 1500 842 1564 geminam,
888 1501 1115 1562 priorum
1161 1499 1363 1561 quidem
1407 1501 1479 1545 in-

118 1573 375 1634 aequalem
403 1570 553 1616 sexies
590 1569 826 1615 radiatam
861 1569 1004 1630 gerit,
1041 1580 1199 1613 cetera
1224 1566 1478 1629 sqamatus,

117 1642 251 1688 unde
308 1640 581 1701 sqamatum
653 1638 968 1698 appellarem.
1078 1637 1395 1682 Fluviatilem
1443 1634 1478 1682 fi

118 1726 256 1765 vere,
293 1710 370 1753 uti
406 1707 603 1753 credere
637 1706 769 1760 licet,
806 1705 934 1750 dixit
969 1705 1249 1751 Plumerius
1285 1717 1478 1751 utrum-

121 1793 239 1839 que,
284 1793 429 1837 aquas
476 1775 643 1821 dulces
687 1774 971 1836 Cyclopteri
1016 1772 1192 1834 species
1237 1772 1360 1818 duae
1394 1774 1478 1820 ha-

119 1846 304 1900 bitant,
340 1846 623 1905 hucusquae
659 1843 876 1904 ignotae,
926 1857 1136 1902 quarum
1173 1840 1406 1887 notitiam
1449 1859 1476 1888 a

120 1913 364 1961 Plumerii
399 1928 550 1957 manu
585 1910 858 1974 profectam
891 1911 945 1956 in
972 1909 1148 1957 Codice
1181 1909 1368 1957 invitus
1395 1910 1476 1958 de·

121 1979 296 2030 fidere.
368 1981 524 2028 Schnz
