1669 2906
163 126 277 188 206
497 125 595 183 CL.
631 124 735 182 IV.
778 121 1246 181 OCTOPTERYGII.

299 271 486 328 Corpus
544 258 896 325 compressum,
961 260 1296 323 squamatum,
1359 259 1534 306 oblon-

159 353 304 401 gum,
352 346 499 397 caput
549 348 782 394 parvum,
828 331 982 376 rictus
1029 327 1255 393 angustus
1301 331 1534 376 horizon-

164 407 291 461 talis,
330 402 537 451 maxilla
576 400 798 463 superior
833 399 1145 463 prominens,
1184 399 1351 444 dentes
1374 399 1535 443 minu-

160 472 347 529 tissimi,
394 468 625 525 conferti,
664 470 888 531 palatum
926 480 975 514 et
1011 468 1182 531 lingua
1217 468 1401 530 glabra,
1439 462 1534 512 offa

161 543 361 590 labialia
408 539 573 595 nulla,
622 537 868 585 foramina
914 536 1093 582 nasalia
1140 537 1325 598 ampla,
1372 534 1535 582 subdi-

161 612 283 667 visa,
333 620 561 672 apertura
606 607 905 653 branchialis
952 607 1140 668 ampla,
1189 622 1307 651 anus
1355 606 1535 667 pinnae

162 680 357 727 caudali
421 676 721 722 lanceolatae
777 676 1109 738 propinquior
1163 689 1311 735 quam
1370 673 1535 734 capiti,

162 749 303 796 fascia
359 747 518 810 prima
576 761 665 806 per
710 745 905 799 oculos,
963 742 1170 788 secunda
1216 760 1305 804 per
1349 755 1535 804 pectus,

164 819 313 865 tertia
367 814 746 878 longitudinalis
801 814 860 859 ab
915 812 1060 857 initio
1106 813 1283 873 pinnae
1330 810 1534 856 dorsalis

161 904 318 949 usque
363 885 423 931 ad
470 885 659 946 apicem
705 882 945 937 caudahs,
993 880 1121 925 linea
1166 881 1383 926 lateralis
1433 877 1536 924 fere

162 969 321 1011 recta,
379 953 525 1000 dorso
571 952 783 998 vicinior
830 967 979 1013 quam
1027 950 1212 1005 ventri,
1259 950 1409 1012 pinna
1455 947 1536 992 ani

166 1026 346 1078 brevis,
379 1023 595 1068 caudalis
631 1021 919 1067 lanceolata.

300 1127 509 1175 Habitat
555 1125 608 1171 in
652 1124 952 1171 Americano
1000 1123 1219 1177 Ocean0‚
1265 1122 1444 1184 longus
1491 1124 1537 1176 6,

164 1198 292 1244 latus
331 1212 359 1243 2
392 1195 519 1259 poll.

301 1306 360 1348 In
396 1299 592 1362 pictura
624 1293 966 1344 Edwardfiana
986 1294 1266 1340 Linnaeum
1303 1285 1539 1338 aberrasse

164 1388 190 1416 a
226 1367 404 1432 'genere
460 1366 606 1428 piscis
660 1382 761 1410 non
807 1366 996 1409 mirum
1044 1359 1126 1408 eft.
1200 1362 1420 1408 Eandem
1467 1377 1539 1404 re-

164 1440 314 1503 petiit
359 1436 531 1483 Gallus
577 1433 843 1481 Duhamel.
924 1436 981 1478 In
1036 1432 1267 1492 exemplo
1320 1430 1538 1490 geminO,

168 1509 336 1553 altero
376 1503 513 1560 ficco,
551 1504 709 1550 altero
755 1500 941 1557 maiore
979 1500 1176 1560 liquore
1214 1497 1386 1542 vinoso
1425 1513 1539 1541 con-

167 1577 290 1632 dito,
337 1574 441 1620 vidi
491 1574 680 1636 apicem
726 1567 869 1617 rostri
917 1568 1060 1630 supra
1104 1568 1297 1613 'labium
1336 1567 1469 1628 poris
1508 1578 1535 1621 5

166 1657 217 1692 et
263 1645 314 1691 in
364 1644 517 1689 altera
566 1641 685 1687 serie
732 1637 1001 1685 transversa
1054 1651 1104 1693 3,
1151 1647 1383 1681 mentum
1419 1650 1538 1680 vero

169 1725 387 1777 quatuor
433 1712 566 1774 poris
604 1709 792 1771 magnis
830 1704 1106 1769 pertusum.
1187 1705 1331 1750 Schn.

311 1832 356 1863 2.
427 1818 749 1861 PUNcTATUS.
796 1806 889 1853 tab.
938 1824 979 1866 5.
1020 1806 1071 1865 s
1119 1821 1163 1852 2.
1238 1812 1293 1853 E.
1332 1821 1541 1867 corpore

169 1887 313 1948 nigro
370 1884 585 1944 alboque
631 1883 837 1935 vittato,
897 1878 1060 1940 pinnis
1107 1874 1289 1922 dol-sali
1334 1874 1542 1919 fecunda

171 1955 301 2001 anali
345 1953 637 2013 caudalique
684 1949 798 1995 albo
845 1946 1127 2002 maculatis,
1174 1945 1332 1990 oculis
1377 1959 1542 1988 caeru-

170 2024 274 2070 leis.
355 2020 560 2065 Serrana
598 2016 850 2079 Hispanis,
888 2013 1043 2059 Parra
1077 2031 1118 2061 2.
1156 2024 1187 2059 t.
1214 2030 1258 2061 Ω.
1319 2046 1332 2059 .
1357 2027 1404 2059 2.

309 2123 518 2171 Habitat
554 2123 615 2169 ad
641 2127 936 2169 Havannam
975 2119 1123 2165 maris
1160 2115 1400 2172 fundum,
1437 2130 1544 2177 par-

172 2211 285 2250 vus,
322 2192 495 2238 edulis.

312 2294 479 2341 Variat
525 2294 688 2356 pinnis
735 2290 1069 2339 immaculatis
1114 2300 1164 2334 et
1198 2288 1440 2335 vittarum
1476 2284 1543 2330 al-

174 2367 355 2416 barum
390 2363 681 2412 directione.
759 2360 918 2405 Parra
955 2369 989 2406 t.
1021 2372 1067 2405 2.
1089 2354 1141 2422 s.
1179 2372 1219 2405 ι.
