1669 2906
390 144 496 200 CL.
517 139 593 198 V.
633 142 1056 196 HEPTAPTERY
1069 161 1175 199 Gn.
1349 150 1456 223 367

216 271 427 319 Habitat
462 270 512 315 in
551 285 735 315 oceano
772 271 1046 330 Europaeo.

252 350 481 396 Vescitur
518 347 766 410 pisciculis
803 348 962 393 onmis
999 348 1190 411 generis
1225 351 1275 396 et
1305 349 1456 412 squil-

114 419 190 473 lis,
226 435 327 465 non
365 417 510 463 facile
547 415 763 461 fundum
799 416 947 461 maris
984 417 1294 478 relinquens:
1349 420 1456 482 pin·

112 503 195 531 nas
221 487 470 531 ventrales
500 497 549 529 et
567 483 779 528 >caudam
806 484 1187 531 horizontaliter
1207 485 1462 535 flectendo

111 556 285 600 locum
322 565 511 599 mutat:
551 550 720 596 editur
757 549 1051 612 subputrida
1088 565 1299 600 tantum.

249 637 444 677 Vereor
480 629 541 675 ad
578 630 701 674 haec
733 644 756 674 a
794 630 1125 691 praecedente
1156 631 1338 695 species
1370 635 1459 679 ali-

115 713 193 746 ter
225 697 316 745 nifi
352 698 473 744 sexu
511 696 716 759 ejusque
753 698 882 743 notis
920 697 1178 762 discrepet.
1243 704 1387 747 Schm

248 790 362 846 *25.
433 792 716 834 AFRICANA.
787 792 844 834 R.
894 791 1075 835 aculeis
1124 792 1305 838 conicis
1349 809 1458 839 mu-

115 858 350 914 oronam,
400 857 625 912 clavatis,
680 852 992 915 denfiffimis-,
1036 859 1189 905 cauda
1233 861 1460 924 impenni

115 927 272 990 duplo
309 927 537 988 longiore
573 941 785 986 corpore

249 1005 461 1052 Habitat
508 1004 559 1049 in
607 1004 733 1049 mari
769 1003 1002 1050 Africano
1051 1004 1113 1051 ad
1158 1023 1296 1054 oram
1341 1009 1457 1054 Gui-

113 1090 249 1120 neae.
294 1077 488 1134 'Corpus
525 1089 571 1130 4,
610 1072 764 1118 cauda
801 1083 828 1125 8
858 1073 971 1136 ped.
1006 1075 1169 1137 longa.

251 1162 370 1221 *24
422 1167 743 1210 ASPERRIMA.
803 1169 861 1211 R.
900 1182 1109 1226 corpore
1133 1164 1457 1229 ovali,aspc1·-

113 1233 265 1289 rimo,
320 1233 502 1278 aculeis
564 1234 744 1278 conicis
803 1229 1092 1289 durissimis,
1158 1230 1459 1292 densissimis,

117 1301 269 1347 cauda
305 1300 531 1361 impenni
566 1301 883 1363 longitudine
920 1302 1154 1362 corporis.

250 1378 461 1424 Habitat
494 1378 545 1421 in
582 1378 710 1422 mari
744 1377 920 1424 Indico
956 1379 1017 1424 ad
1053 1397 1193 1426 oram
1216 1383 1458 1444 Bombay,

121 1448 181 1505 ιζ*
215 1445 398 1509 pedem
432 1446 598 1507 longa.

254 1551 329 1594 25.
380 1541 646 1583 CUVIERIA.
703 1542 762 1584 R.
800 1537 947 1599 pinna
969 1538 1110 1584 brevi
1133 1541 1288 1586 medii
1315 1541 1458 1599 dorsi,

120 1605 279 1666 capite
317 1603 633 1661 subrostrato,
673 1623 883 1668 corpore
921 1606 1105 1668 aspero,
1142 1622 1351 1671 guttam,
1384 1629 1460 1658 or·

120 1673 234 1718 dine
271 1675 419 1721 unico
467 1676 757 1720 aculeorum
792 1674 947 1720 medii
984 1674 1137 1731 dorfi,
1184 1693 1210 1734 5
1251 1678 1313 1723 ad
1349 1695 1462 1724 caus

120 1741 248 1797 clam,
276 1742 327 1788 in
348 1744 485 1803 apice
506 1743 828 1804 bipinnatam,
850 1743 1082 1789 dentibus
1111 1747 1461 1793 rotundiufcu-

119 1810 193 1855 lis.
228 1807 353 1867 chje
379 1808 556 1867 Gaudes,
592 1809 831 1870 Lace'pecle
851 1816 889 1858 1.
917 1824 1023 1869 141.
1042 1825 1085 1856 n.
1110 1826 1182 1867 15.
1216 1813 1356 1875 t.7,j‡
1375 1828 1413 1861 1„

259 1906 334 1945 26.
405 1905 679 1947 Fmromi.
749 1907 808 1948 R.
849 1901 1083 1947 dentibus
1111 1904 1279 1960 acutis,
1317 1905 1463 1954 dorso

120 1969 224 2014 lato
271 1969 517 2026 aculeato,
573 1971 865 2015 aculeorum
912 1970 1088 2016 ordine
1131 1969 1355 2034 fimplice
1399 1975 1463 2021 ad

122 2038 307 2094 oculos,
328 2037 528 2098 duplice
563 2039 616 2083 in
637 2038 803 2085 cauda.
838 2036 972 2083 Linn.
1007 2053 1051 2081 n.
1071 2053 1115 2096 5.
1153 2039 1299 2088 Gmel.
1322 2056 1461 2104 1507.

284 2116 500 2164 Habitat
533 2117 585 2162 in
620 2118 748 2163 mari
783 2122 1062 2179 Europaeo.

258 2221 334 2264 2¹7·
380 2211 712 2255 MIRALETI‘JS·
775 2214 835 2257 R.
874 2209 1020 2256 dorso
1055 2222 1333 2273 ventreque
1360 2215 1463 2278 gla-

123 2273 235 2330 bris,
271 2276 454 2321 aculeis
492 2276 554 2322 ad
588 2279 775 2334 oculos,
810 2290 1056 2340 ternoque
1079 2297 1256 2326 eorum
1286 2284 1465 2331 ordine

123 2343 175 2387 in
211 2342 380 2388 cauda.
435 2342 569 2389 Linn.
607 2358 718 2403 n.4.
776 2341 918 2392 Gmel.
950 2361 1090 2407 1507.

291 2423 503 2470 Habitat
537 2424 590 2469 in
625 2425 750 2471 mari
784 2426 1181 2473 Mediterraneo.

257 2510 374 2566 *28.
443 2517 789 2563 MAROCCANA.
866 2521 927 2563 R.
979 2530 1093 2565 cute
1136 2521 1276 2566 tenui
1319 2521 1465 2582 laevi}

127 2581 284 2643 capite
330 2579 559 2639 rostrato,
602 2583 654 2628 in
698 2584 866 2631 medio
916 2597 966 2631 et
1007 2587 1232 2647 margine
1277 2589 1464 2651 aspero,

127 2650 383 2699 ordinibus
420 2650 650 2700 dentium
693 2660 721 2701 6
759 2666 1044 2713 acutorum,
1080 2655 1465 2713 conicorumin
