1669 2906
544 103 1101 159 ADDENDA.
1405 122 1510 175 539

179 229 339 276 carina
383 225 517 275 istius
562 206 734 275 uncini
776 230 905 276 nihil
962 247 1077 275 cum
1128 227 1314 274 finibus
1365 226 1515 274 costa·

175 314 293 344 rum
329 313 594 344 commune
639 310 836 360 gerunt.
905 302 1080 360 Itaque
1123 298 1254 343 nihil
1299 298 1419 342 novi
1465 309 1515 343 et

178 367 419 413 mirabilis
454 368 507 414 in
542 382 674 412 novo
710 365 853 427 piscis
889 382 1070 428 genere
1111 361 1349 427 superess‘e
1386 366 1518 411 mihi

179 435 379 482 videtur
422 448 620 498 praeter
662 435 901 480 maxillae
946 434 1212 496 superioris
1256 432 1513 488 versatilis,

178 520 305 565 quae
338 502 518 566 projici
554 503 644 549 teli
678 499 826 548 instar
862 500 1033 564 potest,
1066 501 1324 558 fabricam,
1363 518 1515 562 quam

178 571 341 618 adhuc
374 573 661 634 ignoramus
698 569 782 616 sed
814 569 1098 627 conjectura
1129 570 1276 617 facile
1312 566 1514 630 assequi-

176 657 304 685 mur.
375 644 417 685 A
452 651 598 685 motu
634 640 730 685 hoc
766 640 1085 685 maxillarum
1123 639 1518 690 Gnathobolunz,

174 710 203 753 i.
237 724 278 753 e.
320 705 649 766 jaculatorem
702 709 1050 764 maxillarum,
1100 707 1284 769 piscem
1337 708 1513 768 aptius,

174 788 299 839 puto
335 776 540 822 vocabo.

309 847 361 890 P.
382 851 497 901 486.
542 841 654 891 Post
689 847 853 890 Genus
883 854 992 900 104.
1025 843 1223 890 accedat
1243 846 1407 889 Genus
1428 860 1514 887 no-

175 930 297 958 vum
333 910 591 970 Pomatias,
626 913 658 957 i.
678 929 719 958 e.
755 913 996 974 operculo
1029 909 1255 965 clanfilis,
1285 929 1347 956 ex
1371 915 1514 956 Com-⁵

176 980 395 1026 mersoni
441 981 821 1027 Commentariis
867 980 1140 1042 descriptus
1186 979 1275 1024 sub
1309 982 1513 1024 nomine

180 1046 224 1090 T
219 1048 345 1093 riute
363 1047 742 1107 Bougainvillien
778 1063 808 1092 a
847 1046 986 1094 Gallo
1024 1053 1096 1094 La
1114 1045 1286 1107 Ce‘pc‘de
1307 1046 1377 1093 II.
1404 1062 1511 1093 201.

282 1115 459 1176 Corpus
491 1130 594 1160 cum
618 1115 770 1176 capite
793 1112 1088 1175 compl-effatu
1130 1113 1350 1158 maxillae
1367 1115 1415 1158 in
1440 1126 1519 1158 tlt-⁷

174 1183 282 1227 bum
325 1184 609 1244 productae,
660 1196 880 1244 apertura
925 1182 1251 1229 branclu'arum
1297 1181 1515 1243 angzfia,

175 1251 355 1299 valvula
392 1251 588 1311 carnosa
624 1250 897 1295 claudenda.

309 1319 499 1384 Corpus
547 1321 850 1383 oblongum,
895 1317 1252 1383 compressum,
1298 1321 1513 1383 squamis

171 1389 278 1435 fere
313 1389 642 1467 inconspicuis
679 1401 884 1446 tectum,
922 1391 1093 1436 coloxe
1124 1389 1388 1446 rufescens‚
1422 1389 1513 1435 sub

171 1458 356 1521 capite,
406 1459 459 1504 in
503 1448 758 1504 lateribus
790 1470 839 1504 et
882 1457 1054 1504 subtus
1089 1457 1376 1513 rubescenS,
1412 1474 1515 1503 ma-

173 1528 284 1573 cula
321 1525 581 1588 splendide
618 1527 727 1572 alba
752 1523 857 1588 post
890 1525 1024 1572 bafin
1059 1530 1109 1572 P.
1122 1530 1174 1572 P.
1211 1537 1359 1588 caput
1378 1543 1512 1573 com-

172 1591 392 1658 press'um
424 1594 571 1656 supra
606 1594 992 1657 planiusculum,
1027 1596 1263 1641 maxillae
1299 1595 1513 1656 produc·

171 1676 251 1709 tae
286 1663 338 1708 in
368 1662 552 1708 tubum
586 1660 859 1725 angustum,
895 1674 1125 1725 apertura
1156 1663 1384 1719 rotunda,
1411 1679 1516 1709 non·

173 1730 481 1777 claudenda:
525 1731 578 1776 in
625 1729 784 1776 fundo
834 1731 944 1777 tubi
980 1732 1151 1777 dentes
1196 1731 1374 1777 adsunt
1408 1731 1511 1778 duo

172 1799 405 1846 incisores
440 1799 652 1862 trigoni:
697 1799 894 1845 narium
928 1799 1172 1846 foramina
1208 1800 1359 1846 exilia
1395 1817 1513 1847 ocu-

173 1870 234 1915 h's
280 1868 470 1921 vicina,
525 1867 661 1913 oculi
704 1866 816 1913 satis
866 1868 1124 1930 grandesz.
1157 1869 1513 1917 branchiarum

175 1937 472 1999 operculum
508 1935 597 1981 sub
635 1944 749 1981 cute
784 1936 940 1982 latens
980 1937 1162 1982 lamina
1198 1937 1366 1993 unica,
1401 1938 1513 1984 lon-

172 2022 245 2069 ga,
282 2002 575 2050 falciformi:
620 2004 940 2050 membranae
973 2005 1273 2051 branchialis
1306 2005 1436 2052 radii
1465 2018 1513 2063 55

173 2085 406 2137 apertura
441 2073 797 2119 branchiarum
846 2071 1065 2136 angusta,
1108 2074 1362 2120 valvalula
1412 2090 1514 2121 car-

174 2141 314 2198 nosa,
350 2140 661 2198 semilunari,
697 2139 892 2187 orificio
929 2141 1286 2188 branchiorum
1335 2142 1514 2189 adhae-

172 2222 329 2266 rente,
367 2208 669 2256 claudenda:
702 2222 878 2256 venter
902 2210 1161 2267 carinatus,
1197 2225 1316 2258 anus
1351 2213 1404 2257 in
1425 2227 1510 2256 exa

174 2292 337 2325 tremo
371 2278 638 2324 abdomine
674 2282 722 2326 P.
748 2282 798 2324 P.
835 2295 1029 2341 parvae,
1065 2291 1253 2338 tenues,
1288 2279 1394 2325 fere
1422 2281 1511 2324 tri-

173 2363 353 2408 gonae,-
405 2346 553 2393 radiis
608 2362 663 2392 12
699 2348 782 2392 vel
828 2361 882 2404 15
934 2347 1123 2395 fultae}
1169 2351 1220 2394 P.
1256 2353 1314 2394 A.
1359 2347 1511 2395 radiis

173 2415 278 2461 fere
307 2429 361 2471 15
401 2413 548 2471 fulta,
593 2413 695 2461 fine
732 2429 877 2462 acuto
924 2433 1039 2463 cum
1088 2415 1283 2463 caudali
1326 2415 1510 2463 brevis-

172 2482 290 2531 fima
326 2483 555 2536 coalescit
589 2496 737 2546 atque
772 2485 903 2531 ultra
925 2502 1034 2531 eam
1055 2486 1255 2541 eminet,
1290 2487 1363 2530 uti
1394 2484 1510 2530 dor-

172 2553 279 2599 salis
312 2550 527 2615 longior,
562 2552 774 2598 totidem
807 2553 959 2599 radiis
978 2553 1131 2599 fulta:
1168 2552 1301 2598 unde
1322 2569 1510 2599 nomen

179 2615 348 2679 Τνὶυνὶ,
383 2620 413 2667 i.
438 2637 477 2668 e.
512 2621 796 2679 tricaudati,
829 2622 1046 2670 caudalis
1082 2621 1208 2668 radii
1244 2622 1423 2687 viginti
1459 2633 1509 2668 et
