1669 2906
192 156 297 191 :mcx
466 133 863 189 L'ssc'romssus
909 132 962 188 S.
1004 132 1274 189 EmToR.

196 280 292 326 que
321 279 381 308 ex
405 261 661 308 coloribus
689 262 803 306 oleo
828 257 980 305 mistis
1008 273 1057 307 et
1079 261 1279 307 chartae
1299 262 1556 325 pinguiter

193 356 337 401 illitis
365 355 639 399 collectum
668 352 876 398 addidit.
957 354 1133 399 :Multo
1174 352 1382 415 quidem
1417 370 1558 400 accu-

191 447 399 495 ratiores
434 463 525 490 nec
564 445 734 490 omnio
769 445 1132 506 comparandae
1158 461 1274 490 cum
1305 445 1407 491 illis
1444 445 1558 492 sunt

195 540 421 602 picturae
446 537 655 600 piscium
673 537 1046 598 Plumerianae3
1084 538 1248 583 nihilo
1267 549 1437 583 tamen
1456 554 1560 583 ma-

199 632 272 695 gis
298 649 359 675 nu
370 647 568 674 merum
592 628 854 673 radiorum
880 629 950 674 ibi
971 630 1091 675 licet
1108 629 1388 693 agnoscere,
1409 647 1563 692 quem

197 720 499 769 docziffiiuus
543 722 714 766 Gallus
757 737 858 765 non
905 722 1131 768 curavit:
1194 739 1286 768 nec
1319 722 1559 785 equidem

198 812 415 861 constare
461 830 577 859 eum
627 813 818 874 ubique
870 812 1170 874 persuadere
1221 815 1350 859 mihi
1392 814 1559 859 adhuc

196 907 377 970 potui:
425 923 577 968 quare
629 906 865 950 inutilem
904 904 1032 949 mihi
1068 903 1349 952 molestiam
1385 922 1562 952 nume-

197 998 478 1044 randorum
501 997 759 1042 radiorum
783 998 1052 1058 pinnarum
1091 994 1348 1058 suscepisse
1386 997 1562 1043 viden-

199 1102 282 1136 tur
305 1090 400 1134 viri
424 1090 583 1145 docti,
623 1090 709 1150 qui
739 1089 962 1150 primum
984 1104 1043 1133 eo
1066 1088 1293 1133 animum
1317 1100 1367 1134 et
1389 1091 1563 1136 oculos

202 1179 535 1228 studiosorum
591 1193 798 1226 naturae
858 1191 1152 1226 convertere
1205 1179 1370 1225 conati
1427 1179 1566 1242 sunt3

202 1272 377 1329 credo,
414 1289 475 1317 ne
511 1286 676 1334 partes
709 1273 863 1335 magis
904 1271 1212 1319 absconditas
1244 1283 1295 1317 et
1326 1288 1351 1317 a
1399 1271 1566 1333 primo

202 1367 471 1413 oculorum
512 1363 744 1423 conjectu
780 1376 995 1410 remotas
1033 1365 1210 1410 rimari
1249 1375 1567 1427 cogerentur.

204 1459 416 1506 Picturis
444 1456 662 1519 piscium
688 1457 915 1502 Plumier
942 1456 1169 1512 notitias,
1204 1457 1379 1501 multis
1418 1456 1571 1502 etiam

203 1552 512 1597 internarum
546 1549 769 1611 partium
816 1547 1206 1610 descriptionem
1240 1559 1291 1592 et
1319 1548 1572 1609 picturam

206 1642 416 1698 addidit,
430 1641 563 1686 unde
585 1640 814 1696 formam,
834 1641 988 1685 vitam
1017 1652 1067 1685 et
1086 1655 1252 1685 mores
1274 1638 1572 1701 cognoscere

204 1736 340 1781 licet.
412 1738 521 1779 Nec
545 1746 710 1779 tamen
744 1732 936 1778 summa
961 1732 1060 1777 <riri
1094 1731 1284 1795 egregii
1311 1731 1575 1794 diligentia

208 1829 292 1872 vel
327 1828 393 1872 ita
427 1843 604 1871 cauere
635 1825 817 1888 potuit,
857 1841 955 1885 quo
990 1824 1160 1869 minus
1190 1825 1358 1886 pictor
1382 1824 1577 1885 primus

207 1919 408 1965 moehii
438 1918 488 1962 in
515 1916 851 1962 exscribendis
881 1916 1098 1978 picturis
1127 1916 1300 1978 paucis
1324 1914 1575 1976 aliquibus

211 2027 236 2055 a
259 2026 374 2054 vera
409 2009 623 2054 auctoris
658 2025 810 2053 manu
835 2008 1088 2054 aberraret
1110 2006 1379 2069 secumque
1409 2006 1461 2051 in
1499 2023 1577 2052 er·-

208 2118 379 2149 rorem
402 2102 626 2146 traheret
654 2099 949 2162 prolapsum
976 2100 1222 2156 amicum,
1260 2099 1346 2161 qui
1383 2097 1577 2144 factum

208 2194 262 2240 in
292 2195 611 2256 coryphaena
644 2191 860 2253 quadam
893 2192 1000 2238 sero
1035 2191 1321 2238 admonitus
1356 2191 1574 2253 agnovit.

209 2286 480 2333 Erroribus
505 2283 798 2341 hujusmodi
827 2285 992 2329 multo
1012 2285 1168 2347 magis
1201 2283 1450 2330 obnoxius
1482 2278 1577 2327 ess'e

212 2377 394 2424 debuit
412 2379 635 2423 Gallicus
661 2372 897 2421 historiae
925 2375 1141 2437 piscium
1164 2376 1404 2422 naturalis
1431 2373 1579 2433 scrip-

213 2482 295 2516 tor
339 2469 688 2532 nuperrimus,
744 2464 816 2509 La
870 2464 1069 2525 Cc'pe'de,
1120 2468 1208 2529 qui
1262 2468 1577 2530 picturarum

212 2563 649 2608 Plumerianarum
682 2561 944 2622 exemplar
978 2558 1144 2606 nescio
1181 2559 1317 2605 unde
1355 2556 1576 2617 exscrip-

214 2664 327 2700 tum
362 2654 609 2712 adhibuit,
647 2653 830 2717 quibus
868 2664 1069 2715 praeter
1101 2652 1312 2705 nomina
1348 2649 1577 2711 vulgaria

1430 2741 1568 2787 nulla
