1669 2906
340 97 439 157 Cr„
475 99 548 155 V.
592 96 1100 152 HEPTAPTERYGH.
1311 100 1416 164 143

200 237 405 283 Habitat
459 237 706 280 Oceanum
751 229 977 277 Indicum
1032 226 1094 273 ad
1148 241 1285 273 oram
1330 231 1421 273 Co-

67 305 486 360 romandelicam,
552 299 614 363 51}
666 301 871 362 pollices
926 297 1128 358 longus,
1187 297 1248 355 2—2,
1295 296 1420 356 poil.

68 373 210 418 latus.

410 532 559 577 GEN.
609 542 686 585 39.
732 528 1090 574 PTERACLIS.

208 645 362 691 Pinna
397 639 525 687 dorsl
561 652 610 686 et
644 641 723 686 ani
758 638 1013 686 latissimae
1033 636 1427 689 semicirculares,

74 711 478 774 longitudinales.

221 829 261 860 1.
350 815 592 858 vssmrni.
646 806 741 855 tab.
797 822 872 867 55.
959 804 1187 850 Pteraclis
1245 801 1433 847 Gronov

77 881 182 926 Act.
230 878 410 927 Helvet,
466 877 568 925 Vll.
605 894 687 936 43.
732 888 766 924 t.
804 892 850 923 2.
904 873 1202 934 Coryplzccena
1242 871 1435 931 velisera

80 946 200 996 Pall.
251 946 296 993 S.
348 943 402 1001 Z„
456 944 586 992 VIII.
631 962 705 1002 19.
751 954 781 989 t.
822 960 866 1002 3.
898 941 949 1005 s.
1001 959 1042 991 ι,
1104 939 1247 987 Gmel.
1291 955 1434 997 ¹195·

82 1031 130 1065 ιι.
168 1034 237 1074 17.
276 1027 306 1062 t.
348 1030 423 1073 55.

151 1122 208 1165 Β.
241 1123 286 1165 6.
322 1121 376 1164 P.
408 1130 480 1174 15.
516 1119 572 1162 V.
599 1132 636 1161 ι.
673 1118 730 1162 Α.
752 1119 832 1171 46.
869 1116 915 1159 C.
945 1126 1019 1173 ις,
1054 1114 1118 1158 D.
1142 1108 1222 1168 ἐζ.

224 1225 410 1280 Corpus
447 1216 590 1262 valde
626 1211 973 1276 compressum,
1011 1224 1157 1275 caput
1194 1209 1442 1264 obtusum,

87 1290 241 1335 rictus
290 1286 505 1346 amplus,
560 1284 820 1343 obliquus,
874 1282 1041 1326 dentes
1087 1282 1247 1341 parvi,
1296 1279 1444 1332 acuti,

91 1357 235 1400 unica
274 1353 393 1398 serie
428 1353 480 1396 in
518 1350 781 1410 superiore,
823 1365 847 1393 2
885 1350 936 1393 in
973 1347 1207 1392 inferiore
1229 1347 1445 1400 maxilla,

90 1423 317 1483 squamae
352 1435 578 1481 magnae,
625 1417 969 1479 triangulares,
1014 1416 1259 1477 profunde
1295 1430 1448 1458 emar-

89 1492 307 1554 ginatae,
354 1489 403 1533 in
450 1485 544 1532 basi
590 1484 722 1548 spina
767 1485 908 1530 brevi
943 1484 1260 1529 recumbente
1298 1498 1450 1527 arma-

92 1571 191 1613 tae,
238 1551 385 1618 quam
429 1554 755 1600 antecedentis
803 1552 1026 1615 squamae
1063 1568 1205 1597 crena
1241 1551 1440 1611 recipit3

95 1627 154 1672 ad
214 1622 344 1670 bafin
411 1625 587 1686 pinnae
633 1619 760 1667 dorsi
804 1633 853 1666 et
897 1620 1185 1666 ani'adsunt
1222 1618 1452 1679 squanzae

98 1694 365 1740 rhombeae
405 1694 584 1752 absque
622 1690 783 1752 spinis,
821 1687 1034 1752 lingulae
1071 1684 1341 1733 interstitiis
1380 1704 1453 1733 ra·

98 1762 297 1807 diorum
335 1759 691 1821 respondentes,
727 1758 858 1804 linea
883 1757 1097 1803 lateralis
1126 1754 1454 1816 inconspicua,

99 1826 210 1876 stria
247 1827 617 1873 semicircularis
655 1837 705 1871 et
741 1825 962 1871 maculae
998 1823 1240 1869 rotundae
1277 1824 1327 1867 in
1350 1824 1455 1884 pin-

100 1915 162 1944 na
225 1895 405 1941 dorsali
458 1907 507 1941 et
551 1894 680 1941 anali
724 1892 893 1949 fuscis,
946 1909 1062 1938 anus
1108 1891 1194 1936 sub
1241 1891 1455 1946 thorace,

103 1965 228 2011 radii
268 1979 295 2008 2
335 1963 506 2008 breves
541 1964 652 2008 loco
691 1962 955 2024 pinnarum
992 1960 1315 2015 ventralium‚
1352 1960 1458 2021 pin-

103 2049 165 2078 na
215 2031 394 2077 caudae
432 2030 595 2077 divisa,

242 2133 450 2180 Habitat
514 2133 567 2177 in
610 2130 749 2178 India
821 2130 1079 2187 orientali,
1142 2130 1291 2192 longa
1364 2127 1460 2190 14}

108 2202 331 2264 pollices.

383 2364 532 2408 GEN.
565 2373 647 2417 4ο.
683 2362 1196 2407 PLEURONCETES.

251 2478 435 2535 Corpus
497 2474 642 2520 valde
696 2469 994 2536 depressum,
1060 2475 1126 2518 ita
1179 2483 1237 2516 ut
1293 2470 1465 2515 oculus

116 2554 323 2603 uterque
395 2543 446 2587 in
507 2540 765 2604 superficie
818 2541 1067 2604 superiore
1120 2539 1289 2600 capitis
1354 2538 1468 2584 litus

117 2622 368 2673 appareat,
403 2611 552 2673 pinna
587 2608 716 2660 dorfi
750 2622 800 2658 et
835 2612 916 2659 ani
951 2607 1350 2671 longitudinales.
