1669 2906
196 120 305 194 146
422 120 581 180 ORD.
599 123 643 181 Ι.
665 122 874 181 JUGUL.
923 119 996 178 G.
1018 136 1111 194 40.
1131 122 1356 180 PLEUR.

326 259 452 306 Vide
495 259 556 306 ad
593 259 866 305 ocellatum
900 261 960 308 L.
996 260 1386 309 annotationem.

360 422 421 472 B.
479 420 629 467 oculis
675 421 884 482 dextris,
930 438 1130 485 corpore
1164 422 1386 486 oblonga

325 539 404 585 *6.
458 543 853 587 [ΛΜΑΝΒΟΙΒΕΞ.
914 540 988 587 Pl.
1025 541 1156 585 rictu
1194 541 1419 603 obliquo,
1456 557 1557 588 am·

188 610 299 671 plo,
354 607 561 653 maxilla
606 607 842 655 inferiore
887 608 1136 672 longiore,
1182 610 1314 655 linea
1360 611 1557 657 laterali

188 678 308 731 lata,
365 677 524 738 nigra,
580 675 766 738 aspera,
802 693 892 739 per
927 679 1129 740 pinnam
1169 678 1348 724 caudae
1386 696 1557 726 excur-

185 758 345 801 rente,
403 745 624 806 margine
673 743 801 791 ἀοι-[ἰ
837 756 887 791 et
924 746 1201 793 abdominis
1239 747 1430 809 aspero,
1475 765 1556 794 na-

185 815 320 861 rium
376 813 618 860 foramine
671 816 828 860 altero
884 814 1142 871 tubuloso,
1199 815 1410 877 squamis
1455 834 1557 864 ma-

185 885 305 946 gnis,
343 885 539 932 ciliatis.
609 881 681 929 Bl.
716 893 749 932 l.
781 888 887 934 186.
932 880 1075 925 Gmel.
1105 899 1313 943 1252.n.
1342 901 1418 943 19.

253 992 351 1036 B..
380 1020 393 1036 .
430 992 485 1035 P.
524 1002 595 1033 ιι.
631 991 690 1035 V.
712 989 759 1034 6.
795 991 854 1033 A.
880 990 961 1045 63.
1000 989 1047 1033 C.
1077 1002 1153 1044 15.
1189 989 1251 1034 D.
1273 1005 1350 1047 79.

323 1089 534 1138 Habitat
568 1092 622 1138 in
658 1091 786 1138 mari
821 1088 1226 1153 septentrionali,
1263 1106 1408 1138 carne
1444 1092 1556 1139 alba

185 1159 433 1208 deliciosa.

324 1265 402 1323 *7.
474 1267 669 1309 FLEsUs.
739 1268 793 1312 P.
847 1263 1125 1311 tuberculis
1183 1265 1439 1311 muricatis
1495 1265 1557 1310 ad

185 1335 462 1396 marginem
526 1330 654 1378 dorii
717 1333 1118 1394 abdominisque,
1198 1345 1249 1378 et
1315 1335 1367 1379 in
1423 1334 1554 1379 linea

184 1404 396 1458 laterali,
441 1402 574 1446 rictu
611 1399 827 1464 angusto,
864 1400 1074 1462 squamis
1112 1402 1288 1462 parvis,
1326 1402 1554 1462 oblongis

186 1484 299 1518 cute
348 1468 644 1517 tenacissime
689 1469 1083 1516 adhaerentibus.
1153 1467 1383 1529 Bl.t.44.
1418 1468 1554 1514 Linn.

184 1554 229 1586 n.
251 1557 293 1602 9.
337 1537 478 1584 Gmel.
506 1550 647 1599 1289.

251 1648 308 1692 B.
342 1649 388 1691 6.
425 1647 477 1689 Ρ.
509 1659 579 1688 12.
616 1645 672 1688 V.
695 1643 739 1687 6.
776 1646 830 1690 A.
853 1654 935 1702 44.
973 1646 1021 1688 C.
1043 1646 1110 1688 16.
1146 1644 1210 1688 D.
1234 1655 1315 1702 59.

322 1746 532 1794 Habitat
583 1747 635 1791 in
684 1749 875 1793 Oceano
921 1750 1181 1807 Europaeo
1228 1755 1278 1790 et
1323 1742 1554 1790 Balthico

184 1815 247 1865 ad
283 1812 401 1863 ostia
436 1814 724 1872 fluminum,
762 1815 891 1860 vitae
928 1814 1125 1860 tenacis.

324 1930 368 1972 8.
438 1923 620 1967 SOLEA.
690 1918 764 1966 Pl.
801 1934 1011 1980 corpore
1046 1916 1229 1980 aspero,
1268 1916 1426 1978 capite
1447 1932 1554 1978 par·

183 2004 273 2042 vo,
322 1989 527 2045 obtuso,
574 2006 659 2034 ore
695 1999 922 2044 arcuato,
958 2003 1113 2049 parvo
1149 1986 1278 2033 infra
1316 1984 1417 2030 fere
1454 2002 1553 2030 ma-

181 2057 307 2104 xilla
355 2056 605 2120 superiore
649 2058 900 2120 longiore,
946 2069 1055 2102 toto
1107 2057 1327 2101 cirrhato
1374 2053 1550 2099 cirrhis

181 2127 418 2181 minimis,
456 2128 635 2188 pinnae
674 2125 877 2172 dorsalis
915 2138 965 2171 et
1001 2125 1152 2171 :malis
1190 2124 1336 2170 radiis
1374 2122 1434 2169 ad
1471 2123 1552 2169 ba·

179 2194 250 2242 fin
299 2194 585 2255 squammis,
634 2197 797 2257 pinnis
843 2194 1180 2256 pectoralibus
1225 2192 1406 2255 parviS.
1477 2188 1550 2235 Bl.

182 2273 217 2312 t,
235 2279 319 2322 45.
354 2260 490 2310 Limz.
512 2278 554 2308 n.
575 2282 618 2322 9.
662 2260 808 2310 Gmel.
831 2276 968 2320 1252.

246 2372 306 2417 B.
337 2372 381 2413 6.
416 2369 470 2413 P.
501 2381 571 2411 10.
608 2369 663 2411 V.
686 2365 733 2412 6.
769 2369 829 2412 A.
852 2371 931 2422 65.
970 2367 1021 2412 C.
1045 2382 1121 2423 17.
1159 2367 1222 2411 D.
1246 2375 1326 2418 80.

317 2469 526 2518 Habitat
562 2468 613 2513 in
652 2470 843 2513 Oceano
874 2473 1134 2531 Europaeo
1172 2479 1222 2514 et
1241 2461 1547 2521 Americano,

179 2554 229 2590 et
264 2540 390 2586 mari
427 2536 812 2593 MediterranQ
850 2553 962 2583 caro
1000 2538 1051 2583 in
1090 2536 1279 2584 deliciis
1317 2535 1543 2581 habetur.

178 2618 313 2660 Haec
348 2609 538 2670 Species
583 2618 800 2667 utroque
844 2606 1000 2652 latere
1037 2609 1255 2653 colorata
1291 2605 1546 2649 invenitur

175 2680 455 2729 interdum:
492 2675 628 2739 quod
662 2691 814 2738 genus
849 2676 1060 2737 piscium
1080 2676 1339 2738 piscatores
1360 2673 1540 2719 Gallici
