1669 2906
398 117 592 177 CL.V.
639 119 1184 177 HEPTAPTERYGII.
1339 137 1406 193 43
1429 140 1447 175 ι

109 247 306 293 macula
350 247 489 311 nigra
536 248 754 310 oblonga
796 247 849 294 in
892 246 1062 294 medio
1106 245 1288 309 pinnae
1341 263 1452 293 cau-

112 315 250 374 dalis,
286 314 471 363 ‹Torsali
504 312 818 363 ventralibfse
852 313 1089 377 opposita.
1142 312 1228 373 {BL
1279 325 1311 362 t.
1338 330 1449 374 593.

95 382 147 443 s.
177 398 213 429 1.
248 381 384 430 Linn.
418 399 464 432 n.
492 384 568 431 1..9
610 381 754 428 Gmel.
779 396 921 442 1394,

178 467 233 510 Β.
261 475 339 522 54.
376 467 429 511 P.
450 469 524 514 18.
559 465 617 507 V.
645 474 719 517 15.
755 464 812 509 A.
838 468 910 509 16.
948 465 998 511 C.
1023 477 1097 519 50.
1135 466 1197 509 D.
1220 473 1297 510 29.

247 557 437 615 Corpus
483 551 787 614 oblongum,
845 550 1199 616 compressum,
1246 553 1452 601 dorsum

109 632 265 676 teres,
314 631 464 682 caput
514 620 733 676 nudum,
776 621 943 678 laeve,
989 624 1351 677 acuminatum,
1397 640 1451 670 os

108 689 387 745 terminale,
422 687 577 735 rictus
614 689 821 750 amplus,
857 691 1096 737 maxillae
1133 707 1246 737 cum
1284 692 1451 753 palato

109 755 362 802 subtiliter
412 755 777 812 denticulatae,
822 757 1035 805 inferior
1079 760 1301 821 longior,
1356 756 1452 806 ossa

107 824 309 870 labialia
345 825 574 887 gracilia,
606 842 747 872 nares
790 828 1030 889 utrinque
1065 829 1292 889 geminae
1337 841 1452 873 ante

109 893 296 948 oculos,
319 892 550 955 squamae
577 910 773 955 parvae,
808 896 971 941 laeves
991 895 1283 941 imbricatae
1317 897 1452 944 linea

105 962 325 1008 lateralis
359 973 520 1019 recta,
563 962 670 1008 fere
713 962 903 1019 media,
950 980 1070 1009 anus
1113 964 1295 1026 pinnae
1339 982 1452 1011 cau·

108 1029 212 1076 dali
254 1030 470 1077 vicinior
517 1046 667 1091 quam
722 1032 897 1094 capiti,
952 1032 1104 1093 pinna
1157 1030 1288 1078 dorsi
1331 1049 1451 1080 ven·

106 1098 316 1144 natibus
367 1096 608 1160 opposita,
642 1099 859 1146 caudalis
894 1101 1044 1164 longa
1080 1100 1250 1146 divisa.

208 1177 535 1223 Membranae
585 1174 989 1241 branchiostegae
1033 1179 1197 1226 radios
1252 1196 1313 1238 go
1359 1197 1451 1226 nu-

107 1257 268 1290 merat
300 1246 576 1301 Linnaeus,
622 1247 675 1291 in
720 1264 835 1292 ineo
879 1249 1119 1310 exemplo
1156 1247 1333 1294 adsunt
1371 1261 1450 1306 32.

106 1312 203 1358 Sed
231 1311 378 1369 deest,
414 1314 763 1359 membranula
799 1313 1171 1380 branchiostega
1210 1318 1319 1372 alia,
1356 1317 1452 1362 mi-

105 1381 254 1436 nima,
284 1398 308 1425 e
329 1381 563 1427 dentibus
599 1397 626 1437 5
653 1381 984 1439 brevioribus,
1022 1401 1171 1446 quam
1198 1386 1452 1431 Linnaeus

104 1461 244 1494 extra
281 1449 501 1511 priorem
538 1450 589 1494 in
616 1450 785 1497 medio
823 1448 980 1496 adesse
1010 1454 1091 1508 ait,
1127 1470 1229 1498 non
1260 1469 1450 1499 memo-

104 1530 212 1563 rato
249 1529 416 1563 tamen
441 1514 570 1564 osseo
594 1519 731 1564 scuto
762 1520 1003 1582 elliptico‚
1041 1537 1283 1577 convexo,
1312 1521 1451 1584 quod

104 1586 237 1631 inter
289 1598 555 1648 unamque
615 1588 961 1634 membranam
1018 1587 1451 1654 branchiostegam

104 1653 329 1699 medium
365 1655 519 1701 habet
556 1658 847 1718 exemplum
881 1674 1067 1702 meum.
1114 1659 1295 1704 Pinnas
1329 1676 1450 1705 ven-

105 1723 255 1767 tiales
309 1725 463 1783 paulo
518 1725 788 1771 anteriores
842 1725 1026 1771 (loisali
1068 1726 1138 1771 ait
1180 1727 1452 1783 Linnaeus‚

107 1807 232 1851 quae
280 1790 331 1836 in
374 1808 489 1836 ineo
544 1794 780 1854 exemplo
836 1795 985 1854 plane
1038 1791 1290 1856 oppositae
1335 1794 1451 1840 sunt

107 1860 188 1903 (101
191 1857 298 1902 sali.
369 1863 630 1905 Piaeteiea
666 1859 799 1906 bafin
838 1861 1039 1908 dorsalis
1077 1874 1126 1906 et
1160 1862 1313 1908 analis
1348 1863 1450 1909 cin-

104 1928 178 1990 git
212 1927 388 1989 vagina
426 1945 488 1973 ex
525 1928 738 1989 squamis
775 1929 1005 1993 oblongis
1051 1930 1302 1991 quadratis
1347 1929 1450 1977 for-

105 2008 257 2051 mata,
304 1995 356 2040 in
394 2012 488 2058 qua
525 1995 762 2058 postremi
805 1997 933 2043 radii
970 1998 1270 2044 conduntur.
1341 1996 1450 2046 offa

104 2063 303 2110 labialia
326 2065 600 2127 marginem
626 2066 925 2113 exteriorem
944 2066 1309 2113 denticulatum
1336 2066 1450 2117 sub-

106 2133 264 2177 tiliter
300 2144 351 2178 et
386 2131 542 2179 finem
586 2133 820 2181 deorsum
855 2133 1048 2181 flexum
1090 2135 1280 2181 habent
1313 2133 1451 2183 bafln

106 2202 437 2262 pectoralium
486 2214 539 2247 et
581 2203 889 2249 ventralium
932 2202 1133 2266 squama
1176 2205 1450 2270 triangula-

103 2270 185 2325 ris,
219 2269 546 2316 horizontalis
582 2270 743 2318 fulcit.

205 2348 358 2393 Plane
394 2351 627 2396 convenit
663 2349 931 2412 descriptio
948 2350 1250 2414 Argentinae
1268 2351 1451 2397 Mach-

104 2428 245 2462 natae
283 2417 415 2478 apud
440 2419 751 2464 Forskalium
787 2435 834 2463 n.
864 2436 969 2465 100.
1005 2417 1095 2465 11111
1125 2419 1264 2482 quod
1297 2420 1450 2467 etiam

104 2485 142 2529 is
190 2486 437 2530 ventrales
487 2487 658 2547 pinnas
705 2487 981 2534 dorsalibus
1036 2489 1310 2535 anteriores
1353 2483 1448 2534 effe

104 2554 194 2599 ait:
238 2554 557 2600 membranae
599 2552 1000 2618 branchioftegae
1037 2555 1202 2603 radios
1242 2556 1294 2600 in
1341 2572 1446 2603 uno

106 2622 260 2670 latere
294 2635 353 2684 52
392 2623 443 2668 in
475 2623 634 2670 altero
659 2637 722 2682 54
748 2625 952 2688 reperit,
990 2624 1171 2686 pinnae
1207 2624 1450 2673 ventralis
