1669 2906
382 161 487 217 CL.
512 158 592 216 V.
632 160 1178 217 HEPTAPTERYGII.
1333 165 1439 232 363

100 304 226 333 xum
244 304 336 352 per
356 286 609 333 orificium
626 289 828 333 valvula
848 289 931 333 vel
949 288 1071 335 lobo
1090 299 1296 333 tectum.
1323 291 1444 333 Cau·

102 357 163 402 da
210 355 483 418 longissima
531 367 804 411 attenuata,
849 368 991 413 teres,
1026 356 1174 417 tripla
1222 357 1444 417 corporis

101 425 419 486 longitudine
477 437 527 470 et
577 425 724 469 ultra.
807 425 985 484 Spinae
1040 425 1266 487 geminae
1312 441 1443 486 pone

101 509 149 554 p·
179 491 224 537 d·
271 494 508 554 utrinque
551 493 777 537 hamatae
822 494 905 537 vel
950 492 1237 549 biserratae,
1291 492 1443 539 serra<-

100 560 227 604 turis
272 561 505 615 hamatis,
552 556 848 604 acutissimis.
919 564 1192 622 Hucusque
1235 558 1441 609 Forster,

98 628 300 674 Pictura
336 628 584 683 maxillae,
622 629 822 688 qualem
870 642 1011 673 antea
1055 629 1189 691 apud
1233 626 1443 674 doctissi-

99 711 242 740 mum
278 696 735 743 Blumenbachium
764 696 1056 759 Goettingae
1091 697 1330 753 videram,
1361 714 1442 759 ap-

99 760 256 825 posita
299 763 517 825 speciem
568 761 716 810 testae
765 765 1036 809 octovalvis
1083 765 1294 827 gigantis
1341 765 1444 810 chi-

100 831 243 888 tonis,
278 831 487 878 interius
522 832 654 877 visae
691 832 859 893 aliquo
896 832 1049 878 modo
1094 833 1270 889 refert,
1316 833 1444 881 mihi

104 915 201 960 que
245 898 352 945 fere
403 900 670 963 persuadet
717 899 874 959 rajam
920 897 1129 947 Forsteri
1181 901 1240 946 ab
1290 903 1446 950 altera

99 968 246 1014 Sueci
281 967 404 1016 sexu
440 969 618 1025 saltim,
656 967 746 1018 nisi
780 968 955 1030 specie,
991 967 1235 1014 diversam
1272 966 1380 1014 ess'e.

233 1039 375 1082 Haec
411 1035 670 1099 postquam
707 1037 1009 1099 scripseram,
1045 1039 1338 1099 exemplum
1369 1053 1445 1082 rav

98 1101 176 1162 'jae
233 1103 424 1168 flagelli
486 1106 805 1152 dimidiatum
860 1104 1143 1167 siccumque
1207 1103 1445 1151 curiosius

99 1172 309 1219 rimatus
346 1173 474 1219 hanc
509 1174 666 1236 ipsam
703 1174 933 1219 dentium
967 1171 1185 1219 formam
1228 1174 1279 1224 in
1315 1173 1446 1219 solu-

99 1240 162 1284 tis
198 1241 418 1286 maxillis
452 1243 633 1304 reperi.
702 1247 761 1291 In
796 1241 1052 1303 superiore
1089 1242 1296 1288 aderant
1333 1250 1360 1294 8
1387 1242 1447 1296 jn

98 1306 316 1353 formam
333 1308 508 1355 literae
521 1315 565 1356 V
576 1306 731 1355 efficti
744 1322 796 1355 et
816 1307 906 1358 fibi
920 1310 1139 1358 invicem
1159 1311 1447 1361 membrana

97 1373 281 1434 juncti,
324 1377 377 1422 in
411 1376 650 1423 inferiore
711 1393 767 1422 12
806 1378 1008 1426 literam
1051 1382 1074 1432 ξ
1109 1376 1289 1440 singuli
1334 1379 1445 1424 imi-

99 1443 213 1498 tati,
260 1459 431 1490 omnes
478 1443 578 1491 bafi
627 1457 824 1491 crenata
880 1445 1103 1493 maxillis
1155 1445 1341 1503 juncti,
1394 1457 1448 1491 et

99 1511 423 1558 maxillarum
457 1514 687 1559 medium
722 1515 894 1560 locum
930 1526 1242 1576 occupantes,
1278 1514 1447 1559 lateri-

98 1580 192 1625 bus
228 1580 467 1643 utrinque
510 1582 672 1628 nudis.
751 1586 1108 1644 Comparemus
1150 1598 1283 1628 nunc
1316 1582 1446 1629 Wil-

99 1647 311 1708 lughbei
345 1650 518 1696 locum
562 1651 624 1697 de
667 1649 800 1709 rajae
834 1651 1066 1699 Narinari
1101 1651 1347 1705 dentibus,
1385 1650 1449 1696 de

101 1715 282 1777 quibus
312 1718 402 1762 ille
431 1719 569 1775 haec,
606 1718 798 1764 secutus
813 1718 1178 1781 Marcgrafium
1198 1715 1448 1775 nostrum:

99 1785 211 1829 loca
246 1784 474 1832 dentium
513 1804 564 1832 os
609 1787 762 1832 habet
796 1787 994 1849 linguae
1030 1785 1193 1848 figura
1239 1785 1447 1832 inferius

100 1853 154 1899 in
200 1867 308 1907 ore,
362 1865 396 1909 4
441 1853 623 1916 digitos
669 1855 900 1916 longum,
951 1853 1334 1917 sesquidigitum
1379 1855 1447 1900 la-

101 1932 213 1965 tum
249 1920 304 1966 ad
347 1919 512 1967 fauces
548 1938 705 1984 usque
741 1923 1027 1985 pertingens
1073 1935 1123 1968 et
1167 1921 1345 1968 fiimile
1393 1939 1447 1967 os

101 1987 328 2050 superius
366 1989 714 2046 transversum,
755 2004 778 2034 ‘2
821 1990 1001 2053 digitos
1038 1992 1249 2053 longum
1286 2002 1337 2036 et
1373 2003 1447 2036 to-

105 2055 263 2101 tidem
295 2057 472 2104 latum.
529 2058 741 2105 Inferius
779 2076 830 2104 os
868 2056 1052 2104 constat
1083 2076 1145 2103 ex
1189 2075 1242 2115 17
1267 2055 1447 2105 offibus

104 2124 253 2177 albis,
298 2124 460 2181 duris,
504 2127 682 2172 literae
722 2131 765 2171 V
801 2125 983 2189 figura,
1041 2127 1127 2188 qui
1175 2139 1307 2174 arcte
1361 2144 1450 2188 per

101 2192 415 2238 membranas
454 2193 841 2257 conjunguntur,
878 2194 1011 2240 hisce
1059 2196 1154 2240 alia
1197 2214 1250 2243 17
1289 2194 1449 2253 subja-

104 2273 218 2306 cent
264 2259 450 2323 Iingula
505 2261 729 2325 singulis,
781 2262 1037 2326 spongiosa
1083 2264 1145 2315 ad
1197 2263 1452 2327 aspectum

103 2346 196 2373 nec
240 2329 308 2373 ita
355 2330 492 2375 dura.
562 2333 800 2393 Superius
849 2349 900 2377 os
938 2328 1123 2377 constat
1173 2346 1231 2388 14
1271 2329 1449 2378 offibus

103 2398 279 2442 literae
320 2396 343 2446 ζ
377 2396 558 2461 figura,
604 2416 727 2462 quae
764 2399 943 2445 eodem
979 2400 1132 2446 modo
1168 2417 1257 2464 per
1292 2416 1449 2445 mem-

104 2465 276 2511 branas
325 2462 414 2511 fibi
455 2468 669 2512 invicem
705 2469 1103 2530 agglutinantur,
1151 2469 1309 2528 iisque
1355 2467 1452 2512 alia

106 2534 257 2578 etiam
308 2548 366 2589 14
410 2531 505 2579 offa
550 2534 860 2597 superjacent
907 2534 1270 2594 (subiacent‘3)
1330 2539 1447 2580 Duo

107 2614 276 2647 autem
322 2602 410 2646 illa
464 2599 559 2647 offa
609 2621 699 2664 per
753 2605 1067 2650 membranas
1115 2614 1449 2648 annectuntur

109 2671 216 2715 aliis
252 2666 432 2716 ollibus
470 2672 664 2733 capitis:
718 2673 818 2718 huc
862 2690 1019 2735 usque
1055 2670 1450 2734 Willughbejus,
