1669 2906
393 132 496 187 CL.
516 130 593 187 V.
633 131 1179 185 HEPTAPTERYGH.
1350 150 1457 201 305

120 258 306 306 caudae
341 259 536 311 lunata,
573 255 756 302 dorsali
800 256 851 301 in
896 253 1063 299 medio
1102 252 1283 310 excisa,
1319 256 1462 301 raclio

118 327 336 373 secundo
394 326 574 386 pinnae
632 324 783 369 analis
830 324 1081 386 longiore,
1136 339 1229 367 ano
1283 323 1463 385 pinnae

119 394 315 442 caudali
351 393 606 438 viciniore*
654 389 728 437 ΒΖ.
769 401 798 435 t.
827 408 934 449 321.

187 489 242 530 B.
268 499 312 540 5.
349 487 399 528 P.
429 494 500 539 14.
538 485 595 525 V-
623 483 663 536 ἐν.
701 483 756 526 Α.
777 479 854 537 ῑ3ὄ.
894 485 942 526 C.
974 497 1048 526 ρο.
1085 485 1146 527 D.
1168 481 1247 539 {gh

287 562 498 609 Habitat
535 576 651 605 cum
689 559 1027 605 antecedente.

258 658 301 697 6.
353 655 632 696 Fonmosus.
679 649 734 694 A.
773 650 993 711 corporis
1027 649 1155 695 lutei
1174 649 1318 694 lineis
1350 666 1459 695 coe-

119 720 275 766 ruleis
312 717 779 781 longitudinalibus‚-
818 736 902 764 ore
938 718 1070 763 intus
1106 719 1284 771 rubro,
1329 719 1461 763 rictu

120 789 303 850 amplo,
341 787 513 832 ordine
552 786 779 832 dentium
817 799 1079 831 acutorum
1116 786 1288 840 unico,
1325 784 1463 847 squa-

120 857 213 901 mis
250 854 451 917 magniz,
489 871 582 899 ano
620 855 813 898 caudali
851 856 1028 915 pinnae
1063 854 1318 908 viciniore,
1355 870 1467 898 aeu-

120 925 212 969 leis
241 922 514 969 dorsalibus
544 919 878 976 filamentofis,
908 922 1058 983 pinna
1086 921 1270 966 caudae
1295 921 1465 978 divisa,

119 989 221 1037 bafi
256 992 523 1055 pinnarum
560 988 713 1047 dorii,
761 989 945 1035 caudae
983 1001 1033 1035 et
1079 990 1160 1034 ani
1197 989 1466 1052 squamata.

124 1058 197 1106 Bl.
235 1070 265 1104 t.
299 1074 411 1116 525.

189 1155 244 1197 B.
269 1156 314 1196 6.
349 1154 400 1195 P.
429 1154 500 1194 16.
536 1151 594 1194 V.
619 1149 663 1204 ξ.
701 1146 755 1193 Α.
780 1144 857 1203 ῑ3ῑ.
896 1150 946 1192 C.
974 1164 1046 1205 17.
1081 1150 1144 1193 D.
1166 1146 1246 1206 ἐξ.

259 1228 471 1274 Habitat
506 1243 645 1273 mare
681 1226 1035 1271 Americanum
1071 1226 1133 1271 ad.
1168 1225 1350 1271 infulas
1373 1228 1471 1271 An-

125 1296 256 1342 tillas
294 1309 340 1341 et
366 1299 432 1341 St.
455 1295 636 1350 Crucis,
673 1293 905 1339 Indicum
943 1294 1004 1339 ad.
1038 1294 1312 1355 Japoniam.

255 1383 553 1431 Branchiam
581 1383 800 1446 spuriam
835 1384 1098 1438 minutam,
1135 1395 1185 1429 et
1226 1401 1277 1430 os
1313 1383 1468 1446 trigo-

120 1469 244 1500 num
281 1450 386 1515 post
420 1452 678 1499 branchias
704 1451 936 1497 dentibus
973 1452 1136 1514 parvis
1170 1452 1356 1514 partim
1389 1469 1470 1497 ro-

121 1521 304 1577 tundis,-
339 1522 522 1583 partim
559 1520 740 1566 conicis
778 1517 983 1575 obtusis,
1025 1521 1187 1582 parvis
1233 1520 1468 1567 omnibus

124 1587 351 1645 obsitum,
374 1586 469 1635 oss'a
498 1589 653 1652 palati
685 1589 785 1634 duo
813 1588 1044 1645 rotunda,
1080 1587 1322 1635 similibus
1349 1588 1470 1634 den-

124 1658 257 1702 tibus
294 1656 470 1714 obsita,
508 1658 744 1703 maxillae
781 1657 952 1703 dentes
988 1658 1205 1714 conioos,
1243 1656 1468 1710 secretos,

125 1722 232 1787 post
276 1742 357 1770 eos
405 1727 458 1770 in
502 1738 716 1786 utraque
767 1726 974 1770 maxilla
1018 1725 1177 1770 antice
1218 1723 1469 1771 confertos

125 1790 472 1838 minutiffimos
509 1794 628 1838 vidi.
676 1793 853 1854 Spinae
892 1792 1105 1839 dol-sales
1142 1794 1362 1838 alternae
1398 1793 1469 1836 la-

126 1861 278 1906 tiores
306 1861 357 1904 in
395 1862 554 1906 altero
589 1862 760 1917 latere,
796 1859 924 1907 radii
959 1858 1138 1907 ramofi
1173 1873 1232 1906 ut
1257 1861 1308 1905 in
1340 1860 1471 1905 finali

126 1928 232 1974 fere
277 1930 372 1973 toti
418 1928 672 1990 squamati.
758 1930 978 1975 Labium
1028 1927 1234 1975 inferius
1291 1929 1468 1982 latum,

126 1996 364 2059 plicatile.
444 2001 604 2059 Quare
650 2012 752 2042 non
799 1994 976 2043 dnbito
1028 2014 1146 2043 eum
1199 1995 1260 2041 ad
1298 1996 1467 2042 labi-os

127 2065 394 2127 pertinere.
466 2069 612 2110 Forte
657 2066 788 2111 inter
825 2067 988 2112 labros
1035 2065 1305 2127 descriptos
1351 2081 1470 2110 cum

127 2133 354 2195 pluribus
393 2133 573 2179 anthiis
610 2134 744 2180 latet.
817 2134 961 2179 Schn.

269 2239 310 2280 7.
381 2225 650 2270 STRIATUs.
705 2229 761 2270 A.
801 2241 1008 2287 corpore
1030 2222 1319 2279 lutescente‚
1343 2219 1470 2268 striis

127 2290 556 2347 transversalibus‚
603 2293 741 2348 latis,
784 2294 962 2356 nigris,
1009 2293 1206 2338 macula
1253 2303 1357 2336 atra
1393 2291 1469 2335 su-

129 2376 218 2421 pra
253 2359 485 2415 caudam,
530 2359 675 2406 fascia
711 2362 849 2424 nigra
899 2362 1116 2417 caudali‚
1150 2360 1359 2405 maxilla
1394 2359 1468 2403 in-

129 2426 312 2473 feriore
326 2427 566 2490 longiore,
589 2428 683 2474 den
692 2430 816 2475 tium
840 2443 1118 2484 acutorum,
1137 2428 1468 2475 discretorum

129 2496 274 2541 unica
312 2495 458 2552 serie,
495 2495 706 2558 squamis
744 2500 930 2559 parvis,
977 2500 1139 2561 pinnis
1173 2494 1468 2548 rotundatis,

129 2561 228 2610 bafi
284 2564 435 2625 pinna
492 2565 571 2609 ani
623 2565 898 2628 squamata,
953 2567 1138 2613 dorsali
1187 2566 1240 2610 in
1298 2562 1469 2608 medio

130 2629 333 2680 sinuosa.
386 2629 459 2677 Bl.
497 2643 527 2679 t.
553 2647 664 2693 524.
717 2633 924 2681 Plumier
954 2633 1050 2681 MS.

902 2707 947 2750 U
