<?xml version="1.0" encoding="UTF-8"?>
<!DOCTYPE html PUBLIC "-//W3C//DTD XHTML 1.0 Transitional//EN"
    "http://www.w3.org/TR/xhtml1/DTD/xhtml1-transitional.dtd">
<html xmlns="http://www.w3.org/1999/xhtml" xml:lang="en" lang="en">
 <head>
  <title>
</title>
<meta http-equiv="Content-Type" content="text/html;charset=utf-8" />
  <meta name='ocr-system' content='tesseract 3.04.00' />
  <meta name='ocr-capabilities' content='ocr_page ocr_carea ocr_par ocr_line ocrx_word'/>
</head>
<body>
  <div class='ocr_page' id='page_1' title='image "./meblochiisystema01bloc_0301.png"; bbox 0 0 1669 2906; ppageno 0'>
   <div class='ocr_carea' id='block_1_1' title="bbox 380 115 1445 207">
    <p class='ocr_par' dir='ltr' id='par_1_1' title="bbox 380 115 1445 207">
     <span class='ocr_line' id='line_1_1' title="bbox 380 115 1445 207; baseline -0.003 -18"><span class='ocrx_word' id='word_1_1' title='bbox 380 134 484 189; x_wconf 84' lang='lat' dir='ltr'>CL.</span> <span class='ocrx_word' id='word_1_2' title='bbox 503 115 580 188; x_wconf 89' lang='lat' dir='ltr'>V.</span> <span class='ocrx_word' id='word_1_3' title='bbox 620 132 1165 186; x_wconf 71' lang='lat' dir='ltr'>HEPTAPTERYGii.</span> <span class='ocrx_word' id='word_1_4' title='bbox 1342 152 1403 204; x_wconf 77' lang='lat'>23</span> <span class='ocrx_word' id='word_1_5' title='bbox 1419 152 1445 207; x_wconf 90' lang='lat'>7</span> 
     </span>
    </p>
   </div>
   <div class='ocr_carea' id='block_1_2' title="bbox 109 255 1451 526">
    <p class='ocr_par' dir='ltr' id='par_1_2' title="bbox 109 255 1451 526">
     <span class='ocr_line' id='line_1_2' title="bbox 109 255 1451 324; baseline -0.002 -17"><span class='ocrx_word' id='word_1_6' title='bbox 109 262 183 306; x_wconf 85' lang='lat' dir='ltr'>nis</span> <span class='ocrx_word' id='word_1_7' title='bbox 220 259 558 324; x_wconf 79' lang='lat' dir='ltr'>pectoralibus</span> <span class='ocrx_word' id='word_1_8' title='bbox 589 270 639 305; x_wconf 84' lang='lat' dir='ltr'>et</span> <span class='ocrx_word' id='word_1_9' title='bbox 667 255 974 303; x_wconf 85' lang='lat' dir='ltr'>ventralibus</span> <span class='ocrx_word' id='word_1_10' title='bbox 1000 255 1306 313; x_wconf 55' lang='lat' dir='ltr'>acuminatis.</span> <span class='ocrx_word' id='word_1_11' title='bbox 1339 275 1451 304; x_wconf 82' lang='lat' dir='ltr'>cau-</span> 
     </span>
     <span class='ocr_line' id='line_1_3' title="bbox 111 322 1451 385; baseline -0.001 -10"><span class='ocrx_word' id='word_1_12' title='bbox 111 330 213 375; x_wconf 85' lang='lat' dir='ltr'>dali</span> <span class='ocrx_word' id='word_1_13' title='bbox 233 332 418 385; x_wconf 81' lang='lat' dir='ltr'>lunata,</span> <span class='ocrx_word' id='word_1_14' title='bbox 447 346 539 374; x_wconf 81' lang='lat' dir='ltr'>ano</span> <span class='ocrx_word' id='word_1_15' title='bbox 557 327 662 372; x_wconf 88' lang='lat' dir='ltr'>fere</span> <span class='ocrx_word' id='word_1_16' title='bbox 686 322 1154 381; x_wconf 73' lang='lat' dir='ltr'>niediointerftitiis,¹</span> <span class='ocrx_word' id='word_1_17' title='bbox 1189 325 1451 373; x_wconf 82' lang='lat' dir='ltr'>radiorum</span> 
     </span>
     <span class='ocr_line' id='line_1_4' title="bbox 111 391 1451 460; baseline -0.001 -18"><span class='ocrx_word' id='word_1_18' title='bbox 111 399 290 460; x_wconf 84' lang='lat' dir='ltr'>pinnae</span> <span class='ocrx_word' id='word_1_19' title='bbox 336 395 539 443; x_wconf 82' lang='lat' dir='ltr'>dorsalis</span> <span class='ocrx_word' id='word_1_20' title='bbox 586 395 928 456; x_wconf 82' lang='lat' dir='ltr'>squammatis,</span> <span class='ocrx_word' id='word_1_21' title='bbox 972 391 1071 439; x_wconf 82' lang='lat' dir='ltr'>bafi</span> <span class='ocrx_word' id='word_1_22' title='bbox 1116 395 1297 455; x_wconf 81' lang='lat' dir='ltr'>pinnae</span> <span class='ocrx_word' id='word_1_23' title='bbox 1340 412 1451 441; x_wconf 85' lang='lat' dir='ltr'>cau-</span> 
     </span>
     <span class='ocr_line' id='line_1_5' title="bbox 111 462 1324 526; baseline -0.002 -15"><span class='ocrx_word' id='word_1_24' title='bbox 111 466 202 512; x_wconf 88' lang='lat' dir='ltr'>dae</span> <span class='ocrx_word' id='word_1_25' title='bbox 240 477 291 511; x_wconf 84' lang='lat' dir='ltr'>et</span> <span class='ocrx_word' id='word_1_26' title='bbox 328 465 406 510; x_wconf 78' lang='lat' dir='ltr'>ani</span> <span class='ocrx_word' id='word_1_27' title='bbox 451 465 772 526; x_wconf 84' lang='lat' dir='ltr'>squammata.</span> <span class='ocrx_word' id='word_1_28' title='bbox 850 462 1055 508; x_wconf 83' lang='lat' dir='ltr'>Sambra</span> <span class='ocrx_word' id='word_1_29' title='bbox 1090 463 1324 508; x_wconf 74' lang='lat' dir='ltr'>Malaice.</span> 
     </span>
    </p>
   </div>
   <div class='ocr_carea' id='block_1_3' title="bbox 178 542 1274 613">
    <p class='ocr_par' dir='ltr' id='par_1_3' title="bbox 178 542 1274 613">
     <span class='ocr_line' id='line_1_6' title="bbox 178 542 1274 613; baseline -0.004 -11"><span class='ocrx_word' id='word_1_30' title='bbox 178 560 258 602; x_wconf 60' lang='grc' dir='ltr'>ΒΓ.</span> <span class='ocrx_word' id='word_1_31' title='bbox 286 574 328 613; x_wconf 89' lang='lat'>7.</span> <span class='ocrx_word' id='word_1_32' title='bbox 365 559 416 601; x_wconf 88' lang='lat' dir='ltr'>P.</span> <span class='ocrx_word' id='word_1_33' title='bbox 444 560 516 600; x_wconf 89' lang='lat'>16.</span> <span class='ocrx_word' id='word_1_34' title='bbox 553 557 610 599; x_wconf 83' lang='lat' dir='ltr'>v.</span> <span class='ocrx_word' id='word_1_35' title='bbox 640 553 685 608; x_wconf 43' lang='lat'>{2</span> <span class='ocrx_word' id='word_1_36' title='bbox 722 557 778 598; x_wconf 86' lang='lat' dir='ltr'>A.</span> <span class='ocrx_word' id='word_1_37' title='bbox 801 551 878 609; x_wconf 51' lang='lat'>1³12</span> <span class='ocrx_word' id='word_1_38' title='bbox 917 542 965 598; x_wconf 78' lang='lat' dir='ltr'>c.</span> <span class='ocrx_word' id='word_1_39' title='bbox 997 567 1071 610; x_wconf 74' lang='lat'>24.</span> <span class='ocrx_word' id='word_1_40' title='bbox 1106 545 1167 599; x_wconf 86' lang='lat' dir='ltr'>D.</span> <span class='ocrx_word' id='word_1_41' title='bbox 1193 555 1274 612; x_wconf 46' lang='lat' dir='ltr'>ffi-</span> 
     </span>
    </p>
   </div>
   <div class='ocr_carea' id='block_1_4' title="bbox 113 635 1456 775">
    <p class='ocr_par' dir='ltr' id='par_1_4' title="bbox 113 635 1456 775">
     <span class='ocr_line' id='line_1_7' title="bbox 279 635 1456 707; baseline -0.002 -16"><span class='ocrx_word' id='word_1_42' title='bbox 279 643 492 692; x_wconf 72' lang='lat' dir='ltr'>Habitat</span> <span class='ocrx_word' id='word_1_43' title='bbox 521 660 660 689; x_wconf 84' lang='lat' dir='ltr'>mare</span> <span class='ocrx_word' id='word_1_44' title='bbox 679 642 907 690; x_wconf 80' lang='lat' dir='ltr'>saxosum</span> <span class='ocrx_word' id='word_1_45' title='bbox 934 644 992 689; x_wconf 88' lang='lat' dir='ltr'>ad</span> <span class='ocrx_word' id='word_1_46' title='bbox 1014 635 1456 707; x_wconf 63' lang='lat' dir='ltr'>Tranqtoebafiam,</span> 
     </span>
     <span class='ocr_line' id='line_1_8' title="bbox 113 712 1085 775; baseline -0.003 -15"><span class='ocrx_word' id='word_1_47' title='bbox 113 714 434 768; x_wconf 79' lang='lat' dir='ltr'>anadromus,</span> <span class='ocrx_word' id='word_1_48' title='bbox 472 712 690 775; x_wconf 86' lang='lat' dir='ltr'>pedalis,</span> <span class='ocrx_word' id='word_1_49' title='bbox 725 729 867 759; x_wconf 84' lang='lat' dir='ltr'>carne</span> <span class='ocrx_word' id='word_1_50' title='bbox 905 712 1085 774; x_wconf 70' lang='lat' dir='ltr'>sapidffi</span> 
     </span>
    </p>
   </div>
   <div class='ocr_carea' id='block_1_5' title="bbox 112 773 1460 985">
    <p class='ocr_par' dir='ltr' id='par_1_5' title="bbox 112 773 1460 985">
     <span class='ocr_line' id='line_1_9' title="bbox 246 773 1458 853; baseline -0.003 -14"><span class='ocrx_word' id='word_1_51' title='bbox 246 788 506 839; x_wconf 63' lang='lat' dir='ltr'>BranChiis</span> <span class='ocrx_word' id='word_1_52' title='bbox 554 803 603 836; x_wconf 86' lang='lat' dir='ltr'>et</span> <span class='ocrx_word' id='word_1_53' title='bbox 650 792 916 853; x_wconf 84' lang='lat' dir='ltr'>operculo</span> <span class='ocrx_word' id='word_1_54' title='bbox 944 789 1115 851; x_wconf 79' lang='lat' dir='ltr'>fimssis</span> <span class='ocrx_word' id='word_1_55' title='bbox 1164 773 1302 852; x_wconf 72' lang='lat' dir='ltr'>sparo</span> <span class='ocrx_word' id='word_1_56' title='bbox 1340 790 1458 836; x_wconf 87' lang='lat' dir='ltr'>den-</span> 
     </span>
     <span class='ocr_line' id='line_1_10' title="bbox 112 856 1460 918; baseline -0.001 -11"><span class='ocrx_word' id='word_1_57' title='bbox 112 862 212 907; x_wconf 88' lang='lat' dir='ltr'>tici.</span> <span class='ocrx_word' id='word_1_58' title='bbox 284 857 444 918; x_wconf 87' lang='lat' dir='ltr'>(Vide</span> <span class='ocrx_word' id='word_1_59' title='bbox 482 856 759 905; x_wconf 81' lang='lat' dir='ltr'>annotanda</span> <span class='ocrx_word' id='word_1_60' title='bbox 807 858 870 905; x_wconf 89' lang='lat' dir='ltr'>ad</span> <span class='ocrx_word' id='word_1_61' title='bbox 903 860 1277 907; x_wconf 83' lang='lat' dir='ltr'>Holoce&#39;ntrum</span> <span class='ocrx_word' id='word_1_62' title='bbox 1323 860 1460 906; x_wconf 86' lang='lat' dir='ltr'>albo·</span> 
     </span>
     <span class='ocr_line' id='line_1_11' title="bbox 114 925 831 985; baseline -0.003 -10"><span class='ocrx_word' id='word_1_63' title='bbox 114 927 351 975; x_wconf 82' lang='lat' dir='ltr'>striatum.</span> <span class='ocrx_word' id='word_1_64' title='bbox 387 933 486 975; x_wconf 80' lang='lat' dir='ltr'>No.</span> <span class='ocrx_word' id='word_1_65' title='bbox 519 925 613 985; x_wconf 84' lang='lat'>15.)</span> <span class='ocrx_word' id='word_1_66' title='bbox 684 928 831 974; x_wconf 90' lang='lat' dir='ltr'>Schn.</span> 
     </span>
    </p>
   </div>
   <div class='ocr_carea' id='block_1_6' title="bbox 116 1038 1463 1262">
    <p class='ocr_par' dir='ltr' id='par_1_6' title="bbox 116 1038 1463 1262">
     <span class='ocr_line' id='line_1_12' title="bbox 366 1038 1208 1111; baseline -0.004 -11"><span class='ocrx_word' id='word_1_67' title='bbox 366 1038 515 1100; x_wconf 75' lang='lat' dir='ltr'>GEN.</span> <span class='ocrx_word' id='word_1_68' title='bbox 549 1049 627 1111; x_wconf 69' lang='lat'>57.</span> <span class='ocrx_word' id='word_1_69' title='bbox 684 1038 1208 1099; x_wconf 81' lang='lat' dir='ltr'>OPHICEPHALUS.</span> 
     </span>
     <span class='ocr_line' id='line_1_13' title="bbox 116 1128 1463 1194; baseline -0.003 -13"><span class='ocrx_word' id='word_1_70' title='bbox 116 1133 330 1182; x_wconf 80' lang='lat' dir='ltr'>Lamina</span> <span class='ocrx_word' id='word_1_71' title='bbox 366 1128 494 1178; x_wconf 83' lang='lat' dir='ltr'>offea</span> <span class='ocrx_word' id='word_1_72' title='bbox 538 1131 967 1194; x_wconf 67' lang='lat' dir='ltr'>perpendicularis</span> <span class='ocrx_word' id='word_1_73' title='bbox 1014 1130 1076 1176; x_wconf 85' lang='lat' dir='ltr'>ad</span> <span class='ocrx_word' id='word_1_74' title='bbox 1127 1132 1258 1176; x_wconf 88' lang='lat' dir='ltr'>latus</span> <span class='ocrx_word' id='word_1_75' title='bbox 1309 1130 1463 1178; x_wconf 87' lang='lat' dir='ltr'>inter-</span> 
     </span>
     <span class='ocr_line' id='line_1_14' title="bbox 421 1197 1156 1262; baseline -0.003 -17"><span class='ocrx_word' id='word_1_76' title='bbox 421 1216 546 1245; x_wconf 85' lang='lat' dir='ltr'>num</span> <span class='ocrx_word' id='word_1_77' title='bbox 582 1200 812 1262; x_wconf 77' lang='lat' dir='ltr'>operculi</span> <span class='ocrx_word' id='word_1_78' title='bbox 857 1197 1156 1262; x_wconf 83' lang='lat' dir='ltr'>posterioris.</span> 
     </span>
    </p>
   </div>
   <div class='ocr_carea' id='block_1_7' title="bbox 116 1287 1466 1483">
    <p class='ocr_par' dir='ltr' id='par_1_7' title="bbox 116 1287 1466 1483">
     <span class='ocr_line' id='line_1_15' title="bbox 261 1287 1466 1352; baseline -0.002 -14"><span class='ocrx_word' id='word_1_79' title='bbox 261 1308 302 1338; x_wconf 81' lang='lat'>1.</span> <span class='ocrx_word' id='word_1_80' title='bbox 372 1294 699 1337; x_wconf 79' lang='lat' dir='ltr'>PUNCTATUS.</span> <span class='ocrx_word' id='word_1_81' title='bbox 770 1292 827 1334; x_wconf 80' lang='grc' dir='ltr'>Ο.</span> <span class='ocrx_word' id='word_1_82' title='bbox 865 1296 1075 1350; x_wconf 86' lang='lat' dir='ltr'>corpore</span> <span class='ocrx_word' id='word_1_83' title='bbox 1107 1287 1261 1345; x_wconf 77' lang='lat' dir='ltr'>fu‘sco,</span> <span class='ocrx_word' id='word_1_84' title='bbox 1297 1291 1466 1352; x_wconf 81' lang='lat' dir='ltr'>nigro-</span> 
     </span>
     <span class='ocr_line' id='line_1_16' title="bbox 116 1356 1465 1421; baseline 0 -17"><span class='ocrx_word' id='word_1_85' title='bbox 116 1371 375 1421; x_wconf 76' lang='lat' dir='ltr'>punctam,</span> <span class='ocrx_word' id='word_1_86' title='bbox 421 1358 582 1419; x_wconf 87' lang='lat' dir='ltr'>capite</span> <span class='ocrx_word' id='word_1_87' title='bbox 624 1356 828 1412; x_wconf 83' lang='lat' dir='ltr'>obtuso,</span> <span class='ocrx_word' id='word_1_88' title='bbox 883 1357 1105 1402; x_wconf 83' lang='lat' dir='ltr'>maxillis</span> <span class='ocrx_word' id='word_1_89' title='bbox 1157 1359 1465 1418; x_wconf 79' lang='lat' dir='ltr'>aequalibus.</span> 
     </span>
     <span class='ocr_line' id='line_1_17' title="bbox 117 1425 402 1483; baseline 0.004 -14"><span class='ocrx_word' id='word_1_90' title='bbox 117 1425 186 1469; x_wconf 82' lang='lat' dir='ltr'>Bl.</span> <span class='ocrx_word' id='word_1_91' title='bbox 224 1436 254 1471; x_wconf 86' lang='lat' dir='ltr'>t.</span> <span class='ocrx_word' id='word_1_92' title='bbox 291 1435 402 1483; x_wconf 79' lang='lat'>358.</span> 
     </span>
    </p>
   </div>
   <div class='ocr_carea' id='block_1_8' title="bbox 184 1506 1294 1561">
    <p class='ocr_par' dir='ltr' id='par_1_8' title="bbox 184 1489 1294 1561">
     <span class='ocr_line' id='line_1_18' title="bbox 184 1506 1294 1561; baseline -0.001 -10"><span class='ocrx_word' id='word_1_93' title='bbox 184 1510 239 1551; x_wconf 85' lang='lat' dir='ltr'>B.</span> <span class='ocrx_word' id='word_1_94' title='bbox 261 1519 306 1561; x_wconf 86' lang='lat'>5.</span> <span class='ocrx_word' id='word_1_95' title='bbox 328 1508 379 1550; x_wconf 89' lang='lat' dir='ltr'>P.</span> <span class='ocrx_word' id='word_1_96' title='bbox 410 1509 485 1550; x_wconf 85' lang='lat'>16.</span> <span class='ocrx_word' id='word_1_97' title='bbox 521 1507 579 1549; x_wconf 99' lang='lat' dir='ltr'>V</span> <span class='ocrx_word' id='word_1_98' title='bbox 602 1509 645 1549; x_wconf 87' lang='lat'>6.</span> <span class='ocrx_word' id='word_1_99' title='bbox 681 1506 738 1549; x_wconf 88' lang='lat' dir='ltr'>A.</span> <span class='ocrx_word' id='word_1_100' title='bbox 771 1519 847 1549; x_wconf 72' lang='lat'>22.</span> <span class='ocrx_word' id='word_1_101' title='bbox 894 1507 941 1549; x_wconf 88' lang='lat' dir='ltr'>C.</span> <span class='ocrx_word' id='word_1_102' title='bbox 970 1515 1041 1561; x_wconf 75' lang='lat'>14.</span> <span class='ocrx_word' id='word_1_103' title='bbox 1089 1507 1151 1549; x_wconf 91' lang='lat' dir='ltr'>D.</span> <span class='ocrx_word' id='word_1_104' title='bbox 1188 1517 1294 1561; x_wconf 78' lang='lat'>151.</span> 
     </span>
    </p>
   </div>
   <div class='ocr_carea' id='block_1_9' title="bbox 120 1594 1475 2334">
    <p class='ocr_par' dir='ltr' id='par_1_9' title="bbox 120 1594 1475 2334">
     <span class='ocr_line' id='line_1_19' title="bbox 253 1594 1466 1659; baseline 0.001 -18"><span class='ocrx_word' id='word_1_105' title='bbox 253 1599 444 1658; x_wconf 85' lang='lat' dir='ltr'>Corpus</span> <span class='ocrx_word' id='word_1_106' title='bbox 497 1595 798 1659; x_wconf 79' lang='lat' dir='ltr'>oblongum,</span> <span class='ocrx_word' id='word_1_107' title='bbox 843 1594 1072 1656; x_wconf 81' lang='lat' dir='ltr'>squamae</span> <span class='ocrx_word' id='word_1_108' title='bbox 1107 1595 1345 1658; x_wconf 74' lang='lat' dir='ltr'>integrae,</span> <span class='ocrx_word' id='word_1_109' title='bbox 1391 1613 1466 1642; x_wconf 78' lang='lat' dir='ltr'>ca·</span> 
     </span>
     <span class='ocr_line' id='line_1_20' title="bbox 121 1660 1470 1726; baseline 0.001 -18"><span class='ocrx_word' id='word_1_110' title='bbox 121 1674 212 1725; x_wconf 83' lang='lat' dir='ltr'>put</span> <span class='ocrx_word' id='word_1_111' title='bbox 242 1675 409 1710; x_wconf 84' lang='lat' dir='ltr'>totum</span> <span class='ocrx_word' id='word_1_112' title='bbox 446 1663 783 1726; x_wconf 85' lang='lat' dir='ltr'>squamatum,</span> <span class='ocrx_word' id='word_1_113' title='bbox 836 1660 1147 1726; x_wconf 77' lang='lat' dir='ltr'>depreffum,</span> <span class='ocrx_word' id='word_1_114' title='bbox 1196 1664 1342 1709; x_wconf 68' lang='lat' dir='ltr'>scutis</span> <span class='ocrx_word' id='word_1_115' title='bbox 1380 1682 1470 1725; x_wconf 90' lang='lat' dir='ltr'>po-</span> 
     </span>
     <span class='ocr_line' id='line_1_21' title="bbox 120 1731 1469 1795; baseline 0 -19"><span class='ocrx_word' id='word_1_116' title='bbox 120 1732 342 1793; x_wconf 80' lang='lat' dir='ltr'>lygonis,</span> <span class='ocrx_word' id='word_1_117' title='bbox 387 1731 557 1794; x_wconf 83' lang='lat' dir='ltr'>paffim</span> <span class='ocrx_word' id='word_1_118' title='bbox 593 1732 858 1795; x_wconf 77' lang='lat' dir='ltr'>perforatis</span> <span class='ocrx_word' id='word_1_119' title='bbox 894 1745 1100 1787; x_wconf 87' lang='lat' dir='ltr'>tectum,</span> <span class='ocrx_word' id='word_1_120' title='bbox 1137 1748 1279 1777; x_wconf 87' lang='lat' dir='ltr'>nares</span> <span class='ocrx_word' id='word_1_121' title='bbox 1311 1733 1469 1794; x_wconf 81' lang='lat' dir='ltr'>gemi-</span> 
     </span>
     <span class='ocr_line' id='line_1_22' title="bbox 122 1799 1469 1862; baseline 0.002 -19"><span class='ocrx_word' id='word_1_122' title='bbox 122 1816 211 1844; x_wconf 85' lang='lat' dir='ltr'>nae</span> <span class='ocrx_word' id='word_1_123' title='bbox 238 1812 350 1845; x_wconf 84' lang='lat' dir='ltr'>ante</span> <span class='ocrx_word' id='word_1_124' title='bbox 389 1801 584 1860; x_wconf 84' lang='lat' dir='ltr'>oculos;</span> <span class='ocrx_word' id='word_1_125' title='bbox 618 1802 889 1847; x_wconf 85' lang='lat' dir='ltr'>anteriores</span> <span class='ocrx_word' id='word_1_126' title='bbox 914 1799 1197 1854; x_wconf 76' lang='lat' dir='ltr'>tubulosae,</span> <span class='ocrx_word' id='word_1_127' title='bbox 1234 1812 1469 1862; x_wconf 81' lang='lat' dir='ltr'>apertura</span> 
     </span>
     <span class='ocr_line' id='line_1_23' title="bbox 123 1868 1471 1931; baseline 0.001 -19"><span class='ocrx_word' id='word_1_128' title='bbox 123 1868 422 1914; x_wconf 69' lang='lat' dir='ltr'>branchialis</span> <span class='ocrx_word' id='word_1_129' title='bbox 460 1870 647 1931; x_wconf 83' lang='lat' dir='ltr'>ampla,</span> <span class='ocrx_word' id='word_1_130' title='bbox 686 1869 855 1914; x_wconf 81' lang='lat' dir='ltr'>dentes</span> <span class='ocrx_word' id='word_1_131' title='bbox 890 1869 1055 1930; x_wconf 81' lang='lat' dir='ltr'>parvi,</span> <span class='ocrx_word' id='word_1_132' title='bbox 1101 1868 1257 1924; x_wconf 83' lang='lat' dir='ltr'>acuti,</span> <span class='ocrx_word' id='word_1_133' title='bbox 1314 1869 1471 1914; x_wconf 86' lang='lat' dir='ltr'>multi</span> 
     </span>
     <span class='ocr_line' id='line_1_24' title="bbox 124 1933 1472 1998; baseline 0.001 -18"><span class='ocrx_word' id='word_1_134' title='bbox 124 1937 174 1980; x_wconf 86' lang='lat' dir='ltr'>in</span> <span class='ocrx_word' id='word_1_135' title='bbox 208 1937 427 1982; x_wconf 76' lang='lat' dir='ltr'>maxillis</span> <span class='ocrx_word' id='word_1_136' title='bbox 473 1950 522 1983; x_wconf 91' lang='lat' dir='ltr'>et</span> <span class='ocrx_word' id='word_1_137' title='bbox 557 1938 747 1998; x_wconf 82' lang='lat' dir='ltr'>palato,</span> <span class='ocrx_word' id='word_1_138' title='bbox 801 1936 972 1998; x_wconf 78' lang='lat' dir='ltr'>lingua</span> <span class='ocrx_word' id='word_1_139' title='bbox 1015 1937 1212 1998; x_wconf 78' lang='lat' dir='ltr'>glabra,</span> <span class='ocrx_word' id='word_1_140' title='bbox 1259 1933 1354 1982; x_wconf 83' lang='lat' dir='ltr'>offa</span> <span class='ocrx_word' id='word_1_141' title='bbox 1400 1937 1472 1982; x_wconf 85' lang='lat' dir='ltr'>la-</span> 
     </span>
     <span class='ocr_line' id='line_1_25' title="bbox 125 2002 1472 2061; baseline 0.001 -12"><span class='ocrx_word' id='word_1_142' title='bbox 125 2003 273 2050; x_wconf 79' lang='lat' dir='ltr'>bialia</span> <span class='ocrx_word' id='word_1_143' title='bbox 307 2004 491 2061; x_wconf 86' lang='lat' dir='ltr'>tenuia,</span> <span class='ocrx_word' id='word_1_144' title='bbox 527 2002 659 2051; x_wconf 83' lang='lat' dir='ltr'>linea</span> <span class='ocrx_word' id='word_1_145' title='bbox 693 2006 912 2051; x_wconf 81' lang='lat' dir='ltr'>lateralis</span> <span class='ocrx_word' id='word_1_146' title='bbox 947 2016 1097 2061; x_wconf 85' lang='lat' dir='ltr'>recta,</span> <span class='ocrx_word' id='word_1_147' title='bbox 1133 2004 1313 2060; x_wconf 88' lang='lat' dir='ltr'>media,</span> <span class='ocrx_word' id='word_1_148' title='bbox 1351 2021 1472 2050; x_wconf 84' lang='lat' dir='ltr'>anus</span> 
     </span>
     <span class='ocr_line' id='line_1_26' title="bbox 125 2070 1472 2134; baseline 0.001 -17"><span class='ocrx_word' id='word_1_149' title='bbox 125 2073 286 2134; x_wconf 81' lang='lat' dir='ltr'>pinnis</span> <span class='ocrx_word' id='word_1_150' title='bbox 322 2072 633 2120; x_wconf 83' lang='lat' dir='ltr'>ventralibus</span> <span class='ocrx_word' id='word_1_151' title='bbox 667 2073 873 2128; x_wconf 79' lang='lat' dir='ltr'>vicinus,</span> <span class='ocrx_word' id='word_1_152' title='bbox 909 2070 1089 2134; x_wconf 85' lang='lat' dir='ltr'>pinnae</span> <span class='ocrx_word' id='word_1_153' title='bbox 1126 2074 1359 2129; x_wconf 66' lang='lat' dir='ltr'>misticae,</span> <span class='ocrx_word' id='word_1_154' title='bbox 1394 2089 1472 2118; x_wconf 87' lang='lat' dir='ltr'>ra-</span> 
     </span>
     <span class='ocr_line' id='line_1_27' title="bbox 126 2139 1475 2204; baseline 0.002 -20"><span class='ocrx_word' id='word_1_155' title='bbox 126 2141 223 2196; x_wconf 81' lang='lat' dir='ltr'>dii,</span> <span class='ocrx_word' id='word_1_156' title='bbox 260 2140 425 2203; x_wconf 86' lang='lat' dir='ltr'>primo</span> <span class='ocrx_word' id='word_1_157' title='bbox 464 2155 700 2204; x_wconf 87' lang='lat' dir='ltr'>excepto,</span> <span class='ocrx_word' id='word_1_158' title='bbox 739 2139 1039 2203; x_wconf 80' lang='lat' dir='ltr'>quadrifidi,</span> <span class='ocrx_word' id='word_1_159' title='bbox 1076 2141 1226 2202; x_wconf 85' lang='lat' dir='ltr'>pinna</span> <span class='ocrx_word' id='word_1_160' title='bbox 1265 2140 1475 2187; x_wconf 83' lang='lat' dir='ltr'>dorsalis</span> 
     </span>
     <span class='ocr_line' id='line_1_28' title="bbox 127 2208 1472 2274; baseline 0.001 -20"><span class='ocrx_word' id='word_1_161' title='bbox 127 2221 176 2254; x_wconf 86' lang='lat' dir='ltr'>et</span> <span class='ocrx_word' id='word_1_162' title='bbox 212 2210 363 2255; x_wconf 82' lang='lat' dir='ltr'>analis</span> <span class='ocrx_word' id='word_1_163' title='bbox 398 2211 781 2274; x_wconf 81' lang='lat' dir='ltr'>logitudinales,</span> <span class='ocrx_word' id='word_1_164' title='bbox 816 2208 906 2255; x_wconf 84' lang='lat' dir='ltr'>fibi</span> <span class='ocrx_word' id='word_1_165' title='bbox 943 2208 1209 2271; x_wconf 81' lang='lat' dir='ltr'>oppositae,</span> <span class='ocrx_word' id='word_1_166' title='bbox 1246 2222 1472 2271; x_wconf 86' lang='lat' dir='ltr'>pectora-</span> 
     </span>
     <span class='ocr_line' id='line_1_29' title="bbox 127 2278 1199 2334; baseline 0.001 -12"><span class='ocrx_word' id='word_1_167' title='bbox 127 2278 223 2334; x_wconf 87' lang='lat' dir='ltr'>les,</span> <span class='ocrx_word' id='word_1_168' title='bbox 259 2281 506 2325; x_wconf 85' lang='lat' dir='ltr'>ventrales</span> <span class='ocrx_word' id='word_1_169' title='bbox 543 2291 594 2326; x_wconf 89' lang='lat' dir='ltr'>et</span> <span class='ocrx_word' id='word_1_170' title='bbox 630 2278 848 2325; x_wconf 81' lang='lat' dir='ltr'>caudalis</span> <span class='ocrx_word' id='word_1_171' title='bbox 884 2278 1199 2324; x_wconf 83' lang='lat' dir='ltr'>rotundatae.</span> 
     </span>
    </p>
   </div>
   <div class='ocr_carea' id='block_1_10' title="bbox 128 2367 1474 2568">
    <p class='ocr_par' dir='ltr' id='par_1_10' title="bbox 128 2367 1474 2568">
     <span class='ocr_line' id='line_1_30' title="bbox 260 2367 1474 2430; baseline -0.002 -15"><span class='ocrx_word' id='word_1_172' title='bbox 260 2368 471 2415; x_wconf 87' lang='lat' dir='ltr'>Habitat</span> <span class='ocrx_word' id='word_1_173' title='bbox 506 2367 688 2416; x_wconf 80' lang='lat' dir='ltr'>fluvios</span> <span class='ocrx_word' id='word_1_174' title='bbox 724 2382 774 2415; x_wconf 90' lang='lat' dir='ltr'>et</span> <span class='ocrx_word' id='word_1_175' title='bbox 799 2370 934 2415; x_wconf 86' lang='lat' dir='ltr'>lacus</span> <span class='ocrx_word' id='word_1_176' title='bbox 955 2369 1382 2430; x_wconf 82' lang='lat' dir='ltr'>Tranquebariae:</span> <span class='ocrx_word' id='word_1_177' title='bbox 1420 2367 1474 2413; x_wconf 90' lang='lat' dir='ltr'>in</span> 
     </span>
     <span class='ocr_line' id='line_1_31' title="bbox 128 2436 1472 2497; baseline -0.001 -16"><span class='ocrx_word' id='word_1_178' title='bbox 128 2436 252 2483; x_wconf 85' lang='lat' dir='ltr'>limo</span> <span class='ocrx_word' id='word_1_179' title='bbox 300 2437 553 2495; x_wconf 57' lang='lat' dir='ltr'>conditus,</span> <span class='ocrx_word' id='word_1_180' title='bbox 607 2439 774 2485; x_wconf 89' lang='lat' dir='ltr'>herbis</span> <span class='ocrx_word' id='word_1_181' title='bbox 818 2438 1014 2483; x_wconf 84' lang='lat' dir='ltr'>victitat</span> <span class='ocrx_word' id='word_1_182' title='bbox 1073 2454 1189 2483; x_wconf 86' lang='lat' dir='ltr'>cum</span> <span class='ocrx_word' id='word_1_183' title='bbox 1236 2437 1472 2497; x_wconf 81' lang='lat' dir='ltr'>sequente</span> 
     </span>
     <span class='ocr_line' id='line_1_32' title="bbox 128 2504 1472 2568; baseline -0.003 -17"><span class='ocrx_word' id='word_1_184' title='bbox 128 2504 500 2568; x_wconf 79' lang='lat' dir='ltr'>longitudinem</span> <span class='ocrx_word' id='word_1_185' title='bbox 540 2520 751 2552; x_wconf 87' lang='lat'>10—11</span> <span class='ocrx_word' id='word_1_186' title='bbox 806 2506 1055 2568; x_wconf 86' lang='lat' dir='ltr'>pollicum</span> <span class='ocrx_word' id='word_1_187' title='bbox 1097 2523 1199 2551; x_wconf 88' lang='lat' dir='ltr'>non</span> <span class='ocrx_word' id='word_1_188' title='bbox 1247 2504 1472 2558; x_wconf 83' lang='lat' dir='ltr'>excedit,</span> 
     </span>
    </p>
   </div>
   <div class='ocr_carea' id='block_1_11' title="bbox 129 2573 1472 2689">
    <p class='ocr_par' dir='ltr' id='par_1_11' title="bbox 129 2573 1472 2689">
     <span class='ocr_line' id='line_1_33' title="bbox 129 2573 1472 2636; baseline -0.001 -18"><span class='ocrx_word' id='word_1_189' title='bbox 129 2574 264 2623; x_wconf 83' lang='lat' dir='ltr'>Julio</span> <span class='ocrx_word' id='word_1_190' title='bbox 310 2575 361 2618; x_wconf 89' lang='lat' dir='ltr'>in</span> <span class='ocrx_word' id='word_1_191' title='bbox 378 2574 585 2620; x_wconf 85' lang='lat' dir='ltr'>lacubus</span> <span class='ocrx_word' id='word_1_192' title='bbox 621 2591 794 2630; x_wconf 83' lang='lat' dir='ltr'>ovans,</span> <span class='ocrx_word' id='word_1_193' title='bbox 830 2576 881 2621; x_wconf 85' lang='lat' dir='ltr'>in</span> <span class='ocrx_word' id='word_1_194' title='bbox 917 2574 1030 2621; x_wconf 86' lang='lat' dir='ltr'>cibo</span> <span class='ocrx_word' id='word_1_195' title='bbox 1078 2573 1345 2636; x_wconf 58' lang='lat' dir='ltr'>expetitus,</span> <span class='ocrx_word' id='word_1_196' title='bbox 1379 2576 1472 2618; x_wconf 85' lang='lat' dir='ltr'>Ta-</span> 
     </span>
     <span class='ocr_line' id='line_1_34' title="bbox 131 2638 777 2689; baseline 0.008 -4"><span class='ocrx_word' id='word_1_197' title='bbox 131 2643 315 2688; x_wconf 81' lang='lat' dir='ltr'>mulice</span> <span class='ocrx_word' id='word_1_198' title='bbox 346 2638 591 2685; x_wconf 72' lang='lat' dir='ltr'>Kurrawei</span> <span class='ocrx_word' id='word_1_199' title='bbox 623 2642 777 2689; x_wconf 82' lang='lat' dir='ltr'>audit.</span> 
     </span>
    </p>
   </div>
  </div>
 </body>
</html>
