1669 2906
184 171 290 209 xiv
461 150 863 206 Lssc'romssus
909 150 962 207 S.
1004 152 1266 211 Em'roR.

183 282 362 328 itinere
410 279 472 325 ad
517 279 700 325 insulas
745 279 918 326 oceani
963 278 1185 328 australis
1222 282 1354 331 facto
1392 285 1544 333 colle-

181 385 324 437 gerat
374 384 592 434 quatuor
646 371 992 418 voluminibus
1043 376 1338 437 complexus
1383 372 1436 435 J.
1482 374 1541 423 R.

180 462 383 521 Forste1·,-
420 464 649 525 mihique
698 464 839 509 brevi
883 475 996 510 ante
1041 480 1264 514 mortem
1310 481 1541 532 tempore

180 558 318 606 (lomi
373 557 486 603 suae
534 553 892 602 monstraverat
941 556 1167 621 adeoque
1211 558 1540 623 inspiciendas

175 646 490 697 concesserat.
562 652 666 695 Has
703 664 837 693 nunc
873 648 1007 696 inter
1040 652 1308 714 praecipua
1337 654 1538 700 cimelia

177 761 292 789 cum
331 742 474 788 libris
511 741 609 786 viri
647 740 785 786 docti
823 754 978 786 emtas
1015 740 1177 789 servat
1214 744 1536 794 Bibliotheca

173 836 309 899 regia
340 830 683 889 Herolinenfi5‚
719 831 853 879 unde
889 833 1176 895 depromtas
1214 837 1438 895 adhibui,
1464 839 1534 885 ita

173 941 355 983 tamen,
387 939 444 973 ut
479 926 682 972 notitias
715 925 863 970 nimis
892 926 1152 973 interdum
1176 930 1343 976 verbis
1377 930 1531 977 abun-

170 1020 341 1066 dantes
388 1021 438 1065 in
478 1018 778 1065 brevitatem
825 1015 1003 1077 justam
1040 1021 1416 1080 contraherem,
1453 1041 1530 1070 ce-

169 1120 336 1158 terum
376 1111 529 1156 verba
566 1109 667 1172 ipsa
706 1110 947 1167 auctoris,
986 1124 1233 1174 quantum
1279 1111 1395 1160 fieri
1440 1131 1528 1179 po.

168 1214 308 1260 terat,
345 1215 643 1266 repeterem.
689 1202 912 1248 Picturas
944 1203 1155 1265 piscium
1182 1206 1527 1268 plurimorum

164 1298 216 1343 in
254 1296 360 1359 ipso
398 1296 579 1341 itinere
617 1311 641 1340 a
680 1294 957 1357 pictoribus
989 1297 1347 1343 comitantibus
1373 1298 1527 1346 factas

170 1401 220 1435 et
269 1406 295 1433 a
333 1385 555 1434 Fcrstero
603 1399 1020 1433 commemoratas
1066 1387 1400 1435 creditoribus
1438 1391 1525 1437 ob-

161 1481 334 1527 noxias
381 1475 632 1542 reliquisse
680 1478 728 1524 se
772 1479 825 1524 in
862 1479 1118 1525 Britannia
1167 1497 1285 1526 cum
1328 1483 1525 1544 gemitu

160 1584 445 1619 narrantem
486 1571 655 1617 senem
691 1569 794 1633 ipse
833 1570 1017 1616 audivi.

298 1670 374 1710 Ex
420 1660 874 1722 Iclztlzyolillsologia
922 1660 1167 1722 Veronetfi
1207 1681 1387 1728 paucas
1434 1666 1521 1712 ali„

153 1774 278 1821 quas
336 1755 548 1819 piscium
595 1754 779 1818 species
835 1752 1129 1802 illustriores
1187 1756 1400 1814 inserui,
1456 1757 1520 1803 de

155 1851 337 1912 quibus
393 1847 643 1893 dubitatio
699 1860 801 1892 tam
857 1864 1032 1910 magna
1088 1846 1335 1911 superesse
1387 1849 1519 1895 mihi

152 1959 253 1989 non
291 1940 573 1985 videbatur.
652 1943 709 1985 In
748 1939 1040 1985 universum
1085 1941 1221 1986 enim
1268 1941 1331 1988 de
1368 1942 1515 1988 bellis

151 2031 249 2080 istis
285 2031 497 2094 piscium
543 2031 594 2076 in
640 2031 891 2093 lapidibus
927 2031 1296 2079 Veronensibus
1329 2031 1516 2095 figura-

152 2138 323 2173 torum
360 2124 570 2186 picturis
607 2122 940 2185 suspicionem
978 2125 1196 2187 aliquam
1230 2123 1395 2170 Facere
1421 2142 1510 2187 po-

152 2215 244 2265 test
279 2234 381 2263 non
418 2217 578 2263 malae
615 2213 739 2262 fidei
774 2215 859 2261 sed
895 2217 1063 2278 potius
1122 2215 1399 2263 sedulitatis
1435 2217 1508 2262 ni-

147 2310 280 2356 miae
316 2307 591 2365 Praefatio,
650 2307 741 2353 ubi
776 2309 901 2353 haec
936 2309 1203 2372 leguntur:
1254 2306 1326 2351 La
1348 2305 1507 2368 scelta

145 2398 274 2461 degli
303 2399 545 2460 Archetipi
568 2414 659 2459 per
694 2397 735 2441 le
777 2396 822 2440 T
817 2397 951 2443 avole
997 2399 1045 2442 in
1091 2415 1220 2444 rame
1262 2398 1324 2443 ha
1361 2411 1503 2444 avuto

133 2492 524 2553 pritvcipalmente
567 2491 618 2534 di
664 2490 785 2536 mira
831 2491 879 2533 la
919 2491 1188 2550 grandezza
1225 2490 1327 2535 dell’
1373 2490 1500 2535 Indi.

139 2584 350 2641 dividuo,
388 2583 436 2628 Ia
473 2578 653 2644 qualit&
689 2581 793 2626 dell’
825 2581 1210 2642 Impietrimenw,
1247 2598 1274 2627 e
1307 2583 1345 2628 il
1366 2581 1498 2642 colpe

138 2675 346 2722 d’occhio
383 2675 506 2721 della
528 2673 628 2738 sua
651 2674 847 2738 forma,
892 2673 943 2718 di
977 2674 1127 2736 quello
1165 2674 1247 2722 che
1295 2674 1344 2720 la
1369 2657 1498 2719 ¹corz-
