1669 2906
162 141 272 216 368
342 139 636 197 Onam.
677 144 936 199 ABDOM.
983 142 1159 217 G.79.
1201 144 1391 203 RAJA.

161 282 376 331 utraque
423 269 652 324 maxilla,
708 267 976 331 superficie
1029 269 1271 318 inferiore
1326 274 1515 337 glabra,

160 339 213 384 in
251 338 507 401 superiore
552 337 613 381 ad
659 338 899 396 orbitam,
948 352 998 385 et
1032 341 1085 385 in
1135 341 1305 387 medio
1343 344 1515 405 pinna-

160 425 278 454 rum
315 405 648 469 pcctoi'alium
688 405 892 468 spinosa,
930 409 1107 454 ordine
1136 411 1287 456 unico
1317 414 1515 458 aculeo-

160 494 278 523 rum
325 478 375 520 in
430 473 597 528 dorso,
668 477 870 537 triplice
917 478 969 522 in
1026 478 1183 524 cauda
1243 480 1515 543 bipinnata‚

161 543 520 608 appendicibus
559 545 789 605 pinnatis.

295 624 507 669 Habitat
557 623 619 668 ad
665 639 803 669 oram
840 628 1209 683 Maroccanam,
1246 627 1515 691 longitudo

160 706 211 738 et
243 692 463 738 latitudo
500 692 705 755 pedali&-
743 694 930 739 caudae
968 695 1143 741 eadem
1179 688 1463 760 longitudo.

295 776 351 817 In
376 772 614 835 exemplo
650 770 776 818 sicco
813 774 1043 820 maxillas
1076 775 1127 820 in
1150 773 1368 821 rostrum
1401 792 1513 837 pro-

159 840 332 887 ductas
379 841 553 899 video,
602 839 774 887 dentes
827 843 1045 899 conicos,
1091 834 1190 889 bafi
1246 844 1418 889 latiori
1462 844 1514 888 in

160 907 396 966 fistentes‚
462 911 513 955 in
567 911 810 956 lateribus
867 928 987 957 vero
1042 912 1282 974 utrinque
1337 913 1513 973 planos

158 978 595 1026 rotundiusculos:
634 979 813 1025 Aculei
844 980 893 1024 in
919 981 1144 1042 margine
1177 980 1349 1042 capitis
1379 998 1512 1026 com-

158 1045 304 1111 press'i
342 1061 480 1097 retro
519 1046 658 1105 vei-fi,
694 1049 745 1094 in
792 1047 892 1094 basi
937 1067 1060 1095 vero
1108 1050 1358 1095 anteriore
1406 1042 1513 1112 pin-

156 1135 337 1163 narum
374 1119 711 1180 pectoralium
740 1118 1012 1165 introrsum
1036 1116 1178 1175 versi,
1213 1118 1367 1164 cranii
1402 1116 1512 1163 stel-

157 1187 247 1232 lati
285 1185 506 1250 depressi.
575 1188 721 1234 Schn.

455 1296 643 1362 Species
688 1317 784 1347 non
830 1299 1221 1348 determinandae.

294 1402 352 1462 a)
400 1407 722 1451 GRANULOSA.
788 1410 847 1451 R.
886 1405 1104 1450 seriebus
1153 1420 1179 1449 2
1218 1403 1507 1450 aculeorum

158 1475 210 1519 in
248 1472 405 1520 rostro
444 1476 619 1536 longo,
658 1485 825 1527 acuto,
866 1486 915 1518 et
951 1473 1000 1517 in
1041 1468 1216 1527 cauda,
1267 1472 1410 1517 unica
1449 1471 1509 1517 ad

158 1544 352 1598 oculos,
415 1541 569 1605 spatio
627 1558 652 1587 a
700 1538 858 1587 rostro
901 1541 962 1586 ad
1005 1542 1178 1603 pinnas
1232 1541 1509 1602 pectorales

156 1611 488 1666 tuberculato,
514 1609 749 1656 dentibus
771 1610 1041 1673 gracilibus
1065 1609 1232 1654 acutis.
1269 1607 1507 1667 Slzagreen

155 1677 372 1723 Pennant
408 1680 465 1724 B.
497 1674 552 1732 Z.
576 1683 666 1724 III.
687 1689 764 1735 87.
800 1693 842 1720 η.
876 1692 950 1735 54.

292 1758 505 1804 Habitat
559 1758 611 1802 in
661 1758 788 1803 mari
835 1756 1143 1820 Angelicano
1191 1754 1251 1800 ad
1294 1754 1508 1800 Sharbo-

154 1827 303 1884 rouh,
337 1825 687 1890 magnitudine
724 1825 879 1885 Rajae
916 1826 1133 1872 Batidos.

293 1916 353 1976 b)
391 1920 650 1965 DiABosz
687 1921 954 1964 MAfflNUs.
1028 1922 1087 1963 R.
1134 1912 1292 1962 rostro
1329 1912 1506 1968 bifido,

154 1987 371 2034 laterum
420 1988 585 2049 pinnis
633 1985 868 2050 angustis,
914 1987 1081 2032 lituris
1134 1984 1282 2031 fuscis
1337 1983 1506 2029 versus

157 2069 320 2119 caput.
377 2052 632 2115 Willaglzby
669 2070 772 2115 app.
811 2066 841 2102 l.
865 2073 908 2113 9.
972 2072 1049 2114 .5.

326 2135 537 2182 Habitat
573 2136 623 2181 in
661 2136 789 2181 mari
825 2136 1012 2191 Indico,
1050 2135 1228 2196 longus
1277 2150 1302 2190 7
1339 2131 1504 2194 pedes.

293 2231 349 2279 c)
387 2230 796 2274 OMMESCHEJUT.
867 2233 928 2273 R.
976 2225 1133 2271 cauda
1173 2236 1360 2279 terete,
1404 2240 1506 2268 ma-

155 2296 336 2351 culata,
368 2294 641 2357 pastinacae
678 2310 728 2342 et
767 2297 933 2343 Arnak
972 2293 1270 2340 simillimus.
1341 2288 1500 2335 For-sk.

154 2360 242 2409 IX.
278 2378 322 2409 n.
352 2379 422 2409 12.
477 2361 618 2409 Gmel.
663 2378 804 2421 1512.
845 2379 891 2406 n.
919 2378 992 2420 15.

292 2453 352 2514 d)
391 2459 603 2504 TAJARA.
674 2461 734 2502 R.
782 2454 938 2502 cauda
984 2467 1166 2511 terete,
1211 2464 1385 2499 ventre
1432 2451 1503 2497 ni-

155 2541 253 2572 veo
289 2523 315 2568 l.
344 2537 547 2584 c.n.14.
589 2524 738 2571 Gmel.
775 2524 801 2570 l.
827 2541 864 2568 c.
902 2538 946 2567 η.
985 2531 1052 2571 ι6.

292 2614 340 2674 e)
374 2617 653 2664 Senonum.
699 2622 758 2663 R.
781 2617 964 2663 aculeis
984 2610 1334 2668 remotissimis,
1360 2608 1503 2654 Fors-

152 2682 258 2729 kael
288 2683 373 2732 Le.
408 2699 480 2742 15.
520 2683 667 2732 Gmel.
697 2699 742 2728 η.
772 2704 846 2744 17.
920 2683 1030 2745 (Ex
1064 2682 1189 2744 pelle
1228 2680 1368 2740 lngjzcs
1404 2677 1502 2721 Ra-

1412 2745 1502 2803 jae
