1669 2906
190 112 440 171 ORDJI.
479 114 728 169 Acfflm.
755 112 826 167 G.
850 130 970 183 113.
1012 113 1295 166 TETRon.
1340 132 1446 187 509

250 246 302 289 P.
331 245 556 298 16—17.
591 242 648 286 A.
678 253 748 284 11.
787 242 849 285 D.
882 253 950 295 13.

218 332 294 377 24.
355 322 636 366 szvmnn.
685 322 740 363 Τ.
778 333 985 378 corpore
1005 317 1225 379 superius
1244 316 1450 372 brunes),

115 387 314 449 glabro,
349 386 559 432 inferius
596 385 730 439 albo,
766 384 986 446 hispido,
1034 386 1185 448 gibbo
1234 387 1454 447 pyrmni·

117 456 219 501 dali
264 457 403 501 luteo
442 451 593 508 dorfi,
628 451 823 515 gemina
868 452 991 498 serie
1029 455 1338 498 macularum
1386 455 1452 498 la*

114 524 354 569 teralium
388 523 721 575 brunearum,
769 520 919 580 pinna
958 520 1084 566 dorsi
1120 523 1280 577 lutea,
1326 523 1455 566 amali

116 589 360 653 opposita,
408 588 567 633 fasciis
615 600 636 631 Q
684 586 827 633 fuscis
873 588 924 632 in
961 589 1108 649 pinna
1148 590 1340 634 (vandali
1377 592 1453 634 lu-

117 671 193 705 tea
227 655 508 712 rotundata,
544 655 670 701 iride
708 656 971 701 oculorum
1011 660 1254 702 coerulea.
1310 659 1454 703 Orbis

116 727 352 771 minimus
386 741 489 771 non
520 725 786 770 aculeatus.
834 721 1040 767 lem'er
1077 721 1171 768 MS.
1220 723 1456 784 Lacepcfde

115 798 153 839 1.
190 806 302 849 5040

249 859 452 906 Mentio
485 859 703 906 nominis
737 856 1045 905 Plumeriani
1083 856 1365 916 admonuit,
1401 875 1457 908 ut

117 929 343 974 codicem
397 928 708 990 picturarum
760 928 1093 973 Blochianum
1148 927 1457 989 inspicerem,

116 997 205 1042 ubi
240 996 441 1042 tandem
478 997 531 1042 in
565 995 690 1042 folio
733 1011 947 1042 numero
976 1008 1038 1052 59
1086 1009 1256 1040 notato
1302 995 1460 1045 incidi.

115 1065 167 1110 in
203 1065 453 1125 picturam
490 1063 922 1126 quadrigeminam
956 1063 1119 1125 piscis,
1166 1063 1246 1108 cni
1282 1081 1457 1111 manus

117 1132 218 1195 ipsa
240 1132 485 1178 Plumerii
521 1130 865 1194 adscripscrat:
902 1132 1046 1177 Orbis
1082 1132 1317 1178 minimus
1356 1151 1454 1179 non

118 1202 369 1246 aculeatus
411 1199 495 1245 seu
531 1199 674 1263 piscis
712 1200 950 1261 hydrops.
1005 1204 1082 1245 An
1122 1201 1459 1259 Guambajacu

119 1270 317 1331 Attinga
354 1269 506 1314 Guill.
555 1266 780 1314 Pisonis?
827 1269 1021 1314 Pictura
1066 1269 1225 1328 prima
1273 1269 1460 1331 piscem

118 1337 166 1380 in
214 1338 342 1381 latus
378 1333 625 1381 sinistrum
668 1335 962 1380 conversum
998 1333 1144 1391 sistit,
1183 1337 1272 1383 ubi
1308 1340 1459 1400 pinna

118 1405 384 1466 pectoralis
431 1404 608 1451 dextra
653 1402 701 1448 se
735 1402 881 1465 supra
924 1403 1127 1449 dorsum
1174 1403 1363 1452 eminet
1410 1421 1461 1455 et

118 1489 182 1517 ex
225 1471 422 1535 legibus
475 1471 652 1534 opticis
698 1469 1097 1533 conspiciendam
1142 1472 1190 1517 se
1236 1475 1460 1535 praebet.

116 1543 261 1586 Hanc
295 1538 347 1585 in
383 1538 580 1602 pictura
615 1551 808 1586 temere
843 1556 934 1601 pro
972 1539 1126 1602 gibbo
1156 1543 1462 1602 pyramidali

118 1608 458 1670 quadrilatero
493 1605 672 1654 habuit
708 1608 894 1653 Gallus,
965 1608 1111 1669 Quod
1155 1610 1283 1654 mihi
1329 1608 1462 1658 affir-

118 1677 273 1722 manti
318 1693 417 1738 quo
460 1674 656 1722 facilius
693 1675 876 1730 credas,
914 1691 974 1719 en
1011 1676 1106 1721 tibi
1142 1687 1297 1722 totam
1332 1681 1462 1726 noti-

118 1747 241 1789 tiam
275 1744 327 1789 in
364 1741 589 1806 opposito
623 1742 748 1788 folio
785 1759 937 1787 manu
973 1745 1218 1790 Plumerii
1248 1744 1469 1810 adscripa

118 1826 234 1858 tam.
302 1811 449 1857 Piscis
486 1812 589 1866 hic,
627 1827 777 1872 quem
813 1811 1001 1856 Orbem
1037 1812 1259 1869 apellare
1294 1815 1463 1874 libuit,

120 1882 235 1942 quia
281 1880 502 1925 uterculi
548 1879 841 1925 orbicularis
885 1879 937 1923 in
985 1879 1195 1925 modum
1243 1884 1463 1943 quando.

120 1965 217 2011 que
252 1960 387 1994 totus
422 1946 639 2004 inflatur,
675 1959 888 2008 quatuor
922 1948 1130 2008 pollices
1161 1949 1360 1997 circiter
1395 1952 1464 2001 est

118 2019 327 2079 longus,
363 2016 604 2078 pollicem
641 2012 817 2061 crassus
853 2013 942 2061 ubi
980 2013 1303 2075 crassissimUS,
1339 2019 1463 2070 dum

118 2086 404 2130 nullatenus
435 2084 638 2130 inflatus
666 2096 715 2130 et
749 2085 1029 2129 naturalem
1067 2083 1215 2131 situm
1240 2086 1463 2150 adeptus.

119 2151 339 2199 Dorsum
388 2150 492 2211 ejus
539 2151 591 2198 in
637 2168 807 2198 arcum
856 2153 1135 2214 prominet,
1181 2154 1268 2200 sed
1313 2172 1465 2222 caput

120 2236 360 2283 perquam
398 2219 464 2267 est
498 2222 668 2279 breve,
695 2238 748 2267 os
784 2220 1077 2279 rotundum,
1113 2239 1339 2283 parvum,
1377 2244 1465 2289 pa-

120 2291 303 2344 tulum,
338 2289 390 2334 in
426 2301 638 2352 utraque
663 2289 954 2335 mandibula
992 2290 1188 2336 duobus
1212 2291 1462 2351 dentibus,

121 2358 205 2404 seu
249 2357 416 2419 potius
463 2359 611 2404 unico
648 2355 778 2404 oss'eo
827 2369 877 2402 et
914 2355 1252 2406 candidisshno
1299 2364 1463 2409 muni-

124 2439 246 2471 tum.
299 2426 445 2471 Oculi
480 2442 634 2489 prope
670 2426 917 2473 cervicem
955 2424 1335 2485 constituuntur,
1357 2432 1464 2478 len-

121 2495 306 2540 ticulae
330 2494 688 2556 magnitudine,
725 2495 871 2552 ovali,
901 2496 1134 2553 coerulei,
1171 2496 1463 2561 circuloque

122 2579 273 2608 aureo
311 2561 546 2609 decorati.
598 2563 957 2611 Branchiarum
1001 2565 1115 2612 loco
1153 2562 1272 2611 duas
1305 2566 1461 2616 habet

122 2627 335 2689 fissuras,
382 2642 433 2678 et
484 2630 627 2691 juxta
682 2649 833 2687 unam
891 2647 1143 2695 quamque
1194 2632 1461 2693 pinnulam
