1669 2906
358 129 458 190 Ct..
495 129 568 187 V.
626 128 1134 185 HEPTAPTERYGH.
1312 127 1420 200 ¹59

211 280 289 327 54.
359 270 538 314 ALBUS.
608 265 684 311 Pl.
731 278 936 325 corpore
981 259 1226 321 oblongo,
1278 258 1420 313 laevi,

73 338 482 391 albo-maculata,
519 334 675 379 oculis
713 332 910 386 dextris,
945 328 1163 375 maxillis
1201 328 1422 385 utrisque

72 406 241 461 latere,
279 405 392 450 albo
430 399 668 456 cirrhofis,
711 397 914 444 Gronov.
938 392 1119 456 Zoopft.
1139 407 1220 457 75.
1239 407 1286 441 11.
1310 406 1422 453 255.

209 507 417 553 Habitat
453 503 762 548 Amboinam.

208 613 265 654 In
310 605 486 654 Museo
538 621 585 649 n.
636 608 710 661 38.
758 601 916 648 soleae
961 599 1118 646 forma
1164 610 1213 644 et
1255 598 1423 643 colore

73 675 384 722 Iimillimum
422 671 633 718 absentia
669 673 933 732 pinnarum
969 667 1297 731 pectoralium
1317 682 1425 711 ana·

72 746 233 805 lisque
268 742 473 788 minutis
512 740 633 786 albis
670 735 821 784 densis
857 738 1076 799 corporis
1113 731 1423 787 differrefiait:

73 812 291 873 squamas
361 821 608 872 praeterea
676 808 913 868 utrinque
985 804 1167 866 asperas
1237 819 1425 848 memo·

73 892 166 927 rat.
235 880 378 926 Schn.

212 981 325 1040 ¹¹35.
397 983 555 1026 Ani-21..
624 976 697 1024 Pl.
732 974 889 1040 priori
926 972 1221 1029 fimillimus,
1258 969 1426 1018 differt

79 1050 213 1096 labio
264 1050 513 1111 superiore
549 1047 789 1101 breviore,
833 1055 1047 1104 utroque
1083 1041 1312 1096 imberbi,
1349 1057 1430 1086 na-

76 1119 216 1165 ribus
253 1119 383 1163 inter
420 1117 604 1171 oeulos,
642 1115 798 1176 capite
834 1124 882 1157 et
913 1111 1121 1171 squamis
1143 1108 1427 1170 majoribus,

83 1187 330 1249 operculis
367 1184 627 1230 latioribus
665 1193 714 1227 et
748 1180 1075 1242 longioribus.

145 1292 201 1334 Β.
221 1303 269 1343 4.
306 1292 360 1334 P.
382 1297 424 1338 8.
461 1289 519 1331 V.
539 1297 583 1342 4.
618 1287 711 1329 A..
744 1285 825 1327 C..
861 1284 922 1326 D.
947 1293 1058 1338 105.

211 1387 419 1434 Habitat
471 1385 533 1431 ad
576 1382 1014 1445 Tranquebariam,
1066 1375 1182 1425 Are!
1218 1381 1434 1428 Rffalaice

78 1468 295 1503 vocamS.

208 1563 437 1621 ‘Quatuor
473 1553 711 1616 exempla,
749 1552 848 1599 duo
879 1551 1082 1614 quidem
1100 1548 1282 1606 ficcata,
1317 1549 1435 1595 toti-

79 1625 288 1688 demque
324 1626 519 1687 liquore
555 1622 726 1669 vinoso
763 1622 961 1667 condita
995 1621 1260 1683 diligenter
1278 1618 1435 1679 inspe-

82 1696 148 1739 xi.
218 1694 364 1740 Piscis
413 1691 476 1738 est
521 1692 698 1746 soleae,
743 1690 981 1735 bilineato
1028 1701 1077 1734 et
1112 1688 1226 1734 albo
1263 1684 1434 1732 similis

80 1763 162 1809 [etl
214 1763 365 1823 magis
409 1758 655 1823 Plagufiae
701 1759 918 1804 Brownii
962 1754 1230 1819 postremae
1276 1754 1435 1799 nomi-

80 1830 282 1876 nandae.
353 1834 539 1891 Corpus
575 1844 752 1888 nempe
783 1824 1041 1872 enfiforme
1061 1835 1208 1886 caput
1226 1839 1434 1884 corpore

80 1896 345 1961 angustius,
391 1897 594 1942 caudam
637 1911 755 1941 vero
801 1896 852 1939 in
889 1909 1094 1939 acumen
1130 1903 1433 1937 attenuatam

78 1968 240 2030 pinnis
286 1965 466 2011 dol-sali
511 1964 737 2025 analique
781 1962 1072 2008 coeuntibus
1108 1962 1320 2006 cinctam
1355 1974 1434 2020 ge-

78 2037 166 2091 rit,
213 2052 264 2080 os
307 2032 524 2079 inferum
569 2033 722 2094 magis
766 2032 916 2076 etiam
959 2046 1107 2092 quam
1154 2028 1435 2083 bilineatus,

78 2104 303 2150 maxillas
340 2101 674 2163 superioribus
713 2097 963 2161 depressis,
1009 2097 1274 2152 edentulis,
1311 2096 1434 2141 infe-

78 2173 294 2218 rioribus
331 2170 592 2216 altioribus
629 2168 781 2230 magis
818 2166 1039 2222 arcuatis,
1077 2166 1307 2211 dentibus
1344 2166 1436 2210 aci-

79 2240 326 2285 cularibus
363 2236 544 2295 oblitis,
579 2238 776 2283 narium
812 2234 1052 2280 foramine
1088 2233 1339 2296 superiore
1364 2235 1436 2279 in·

78 2321 153 2354 ter
190 2309 358 2353 oculos
394 2308 623 2362 minores,
670 2320 819 2366 quam
854 2305 906 2348 in
943 2304 1198 2359 bilineato,
1235 2301 1435 2347 inferio·

76 2395 130 2423 re
166 2388 277 2421 ante
313 2376 518 2420 oculum
552 2373 856 2420 inferiorem.
916 2376 1152 2434 Squamae
1188 2369 1300 2415 sunt
1335 2387 1434 2415 ma·

10 2503 14 2508 Α
75 2462 218 2508 gnae,
265 2443 365 2489 fere
408 2454 615 2504 quantae
660 2441 1065 2503 macrolepicloti,
1109 2439 1189 2484 sed
1227 2439 1433 2495 ciliatae,

76 2526 126 2559 et
160 2513 452 2559 rhombeae:
487 2511 611 2556 radii
647 2511 914 2573 pinnarum
950 2508 1124 2571 glabri,
1161 2522 1261 2551 non
1297 2506 1433 2568 squa-

74 2583 211 2636 mati,
247 2597 347 2626 non
383 2580 533 2641 magis
570 2594 718 2640 quam
758 2579 997 2623 bilineati.
1066 2581 1200 2621 Anus
1238 2575 1288 2619 in
1324 2572 1433 2621 smi-

74 2647 170 2697 stro
188 2651 343 2696 latere
361 2649 493 2694 ultra
511 2647 691 2692 lineam
720 2647 930 2692 ventris:
969 2643 1262 2707 operculum
1291 2643 1432 2689 bran-
