1669 2906
184 130 292 191 553
577 120 1140 180 ADDENDA.

180 259 347 311 partes
384 245 590 309 quidem
627 243 739 289 illas
776 241 1000 310 definiit,
1036 261 1251 308 quarum
1293 245 1536 294 fabricam

182 328 442 378 tantopere
500 313 793 359 mirabatur.
874 314 1015 360 Mihi
1069 315 1278 376 quidem
1321 317 1536 363 laminae

181 383 296 432 istae
333 384 670 430 denticulatae
707 382 791 427 vel
812 380 1084 429 serrulatae
1114 384 1245 430 nihil
1275 385 1416 431 aliud
1441 384 1534 431 ell‘e

179 454 419 500 videntur
454 449 539 496 nisi
572 451 780 496 maxilla
816 451 918 513 ipsa
958 451 1185 514 superior
1214 452 1407 499 duabus
1430 471 1534 517 par-

179 525 314 569 tibus
353 517 650 583 compostum
687 537 814 582 quae
852 521 1057 567 alternis
1094 522 1288 583 vicibus
1331 522 1536 586 surrigi-

178 606 264 638 tur
301 603 351 636 et
387 588 731 652 protenditur,
777 589 902 634 dum
944 590 1156 637 inferior
1200 590 1533 654 deprimitur:

178 672 350 707 contra
383 664 509 704 'vero
547 657 669 703 dum
697 658 829 703 haec
867 657 1069 720 surgens
1107 677 1159 706 os
1198 660 1420 718 claudat,
1457 661 1533 707 su-

178 731 349 792 perior
396 739 609 773 ietracta
655 726 785 772 infra
823 728 997 772 oculos
1043 729 1323 789 applicatur
1359 743 1531 776 contra

177 815 230 844 os
265 797 522 843 lacrimale
560 808 610 841 et
645 791 741 842 ossa
777 797 973 857 reliqua
1012 797 1229 842 orbitun
1269 798 1530 861 cingentia.

176 861 421 914 Laminas:
460 866 595 910 enim
630 865 894 926 uniusque
939 865 1207 928 longitudo
1248 878 1378 911 tanta
1429 884 1529 913 non

178 933 259 990 est,r
296 937 348 981 in
385 935 579 997 pictura
615 933 837 995 quidem,
875 947 932 979 ut
970 905 1058 980 ado
1058 935 1286 996 operculi
1317 937 1531 981 anterio-

175 1012 286 1051 rem
324 1016 515 1066 partem
553 1003 820 1066 pertingat.
892 1007 949 1049 In
986 1020 1130 1065 perca
1168 1003 1422 1059 fluviatili,
1447 1021 1529 1050 cu·

175 1073 251 1135 jus
289 1073 510 1119 sceleton
548 1068 907 1118 accuratissime
945 1069 1207 1118 diffectum
1242 1084 1292 1118 et
1337 1073 1530 1136 pictum

175 1160 291 1190 cum
329 1143 503 1188 multis
537 1141 645 1187 aliis
684 1142 970 1187 omniorum
1018 1141 1321 1204 piscinornm
1372 1143 1530 1204 pictu-

172 1214 239 1260 ris
275 1229 443 1258 coram
482 1211 668 1265 habeo„
711 1210 862 1256 video
908 1212 1171 1257 maxillam
1216 1210 1527 1273 superiorem

173 1282 323 1345 plane
360 1280 572 1327 eandem
608 1279 796 1326 habere
830 1275 1068 1337 formain,
1105 1280 1367 1340 anteriore
1399 1297 1529 1327 mar·

172 1352 288 1414 gine
355 1349 524 1404 (dum
602 1348 837 1395 deorsum
908 1349 1047 1396 versa
1116 1347 1370 1412 quiescit)
1443 1351 1527 1395 vel

173 1419 429 1482 superiore
486 1417 652 1480 (dum
714 1415 1016 1478 surrigitur)
1085 1417 1377 1464 serrulatam
1438 1435 1525 1481 po-

169 1485 399 1535 steriore
430 1499 602 1533 autem
657 1489 741 1532 vel
785 1486 1026 1532 inferiore
1072 1487 1260 1549 trigoni
1312 1485 1525 1533 formam

170 1569 390 1621 gerente.-
437 1560 620 1602 Contra
655 1555 707 1600 in
744 1555 842 1600 hoc
878 1572 1010 1601 novo
1046 1572 1230 1619 geneie
1265 1555 1407 1618 piscis
1441 1556 1525 1601 de-

170 1626 286 1672 sunt
314 1620 428 1671 offa
472 1624 699 1679 labialia,
753 1641 881 1685 quae
933 1624 983 1668 in
1034 1624 1268 1686 plurimis
1314 1623 1526 1685 piscium

167 1694 436 1758 generibus
472 1692 711 1738 maxillae
748 1692 995 1754 superiori
1022 1693 1337 1748 incumbunt,
1374 1705 1524 1757 atque

167 1764 302 1809 ultra
347 1761 503 1824 ipsam
541 1762 803 1806 maxillam
851 1773 902 1806 et
945 1762 1046 1807 oris
1090 1767 1378 1823 aperturam
1416 1763 1523 1824 ple-

167 1848 386 1893 rumque
409 1829 783 1893 protenduntur
804 1830 1057 1891 utrinque.
1103 1826 1208 1876 Ossa
1238 1831 1522 1877 maxillaria

166 1900 562 1965 ginglynii‘ope
601 1915 717 1945 cum
752 1899 961 1960 reliquis
1000 1900 1172 1961 capitis
1217 1895 1399 1945 oss‘ibus
1445 1914 1521 1946 ara

165 1971 322 2016 ricula
368 1971 600 2023 haerent,
650 1980 701 2014 et
746 1968 797 2013 in
834 1968 1135 2029 quibusdam
1172 1967 1391 2030 ‘piscium
1437 1985 1521 2031 ge-

164 2039 371 2085 neribus
416 2037 632 2101 produci
682 2037 812 2082 miro
855 2036 1010 2083 modo
1057 2038 1108 2082 in
1147 2036 1364 2084 formam
1407 2039 1520 2085 tubi

165 2104 380 2171 possunt,
414 2107 559 2152 velut
594 2106 646 2151 in'
682 2110 817 2152 Zene
861 2117 912 2151 et
946 2108 1102 2168 Sparo
1147 2103 1518 2154 insidiatoribus

166 2176 326 2223 dictis.
404 2177 532 2221 Sunt
577 2175 663 2221 alii
710 2173 866 2237 pisces
922 2175 1108 2229 veluti,
1154 2175 1374 2238 Clupeae
1411 2174 1517 2238 spe-

162 2245 260 2291 cies
297 2242 521 2305 aliquot·
534 2255 585 2289 et
620 2240 938 2306 gasterosteus
975 2244 1252 2305 Spinarella
1287 2245 1516 2298 Linnaei‚

162 2313 347 2377 quibus
393 2308 488 2357 offa
529 2311 639 2373 ipsa
687 2313 888 2358 labialia
940 2312 1038 2358 sola
1078 2312 1214 2368 sunt,
1261 2329 1419 2374 eaque
1462 2314 1515 2359 in

162 2379 286 2429 enfis
307 2380 547 2427 formam
562 2380 804 2441 producta
826 2394 876 2427 et
904 2380 1209 2427 denticulata
1232 2381 1361 2429 forte
1394 2399 1514 2428 eun·

161 2451 281 2498 dem
330 2448 477 2496 usum
525 2446 769 2512 praestant
814 2462 865 2495 et
900 2451 1088 2512 pariter
1135 2450 1314 2513 projici
1350 2451 1511 2497 veluti

157 2521 323 2567 telum
373 2514 586 2581 possum}
668 2520 840 2564 Carina
896 2516 1044 2579 sterni
1091 2531 1141 2565 et
1195 2520 1381 2566 ventris
1429 2536 1511 2583 ge·

159 2589 294 2635 mina
333 2585 465 2635 adest
501 2588 653 2633 etiam
688 2587 739 2632 in
759 2591 893 2633 Zene
930 2587 1088 2644 fabro,
1122 2587 1263 2647 cujus
1292 2588 1509 2635 sceleton

162 2654 426 2710 distectum
478 2668 529 2710 et
572 2656 768 2722 pictum
822 2673 992 2709 coram
1049 2658 1226 2708 haben.
1316 2661 1506 2704 Verum
