1669 2906
171 124 285 201 366
348 122 639 182 ORDJH.
683 125 940 181 ABDOM.
983 124 1058 180 G.
1085 140 1172 198 79.
1212 127 1402 188 ΒΑΜ,

171 253 231 299 ile
254 252 468 314 Calvenne
505 247 566 295 01¹1
584 250 640 294 de
659 248 706 292 la
724 247 908 295 Gzciane
928 248 1192 312 stangag‘fie,
1225 256 1362 301 Paris
1379 272 1522 315 1799,

170 342 219 388 p.
249 338 353 382 iga.
393 323 454 368 de
490 318 594 378 raja
623 319 790 382 aliqua
819 337 971 383 quam
1006 321 1201 368 incolae
1234 320 1522 383 Raje-Dia-

168 391 243 437 hle
285 402 481 437 vocant.

308 483 422 527 *αα
497 484 809 526 IMBRICATA.
880 485 940 528 R.
973 481 1137 544 pinnis
1178 485 1521 547 pectoralibus

169 550 387 601 rostrum
435 550 795 606 ambientibUS,
842 549 1076 597 dentibus
1121 554 1307 615 parvis,
1341 554 1520 616 planis,

165 622 287 669 serie
324 619 470 664 unica
507 618 828 680 squamarum
863 616 1107 666 offearuni
1137 622 1520 669 imbricatarum

164 691 218 736 in
256 688 425 734 medio
464 684 608 743 dorsi,
646 686 830 733 aculeis
870 700 893 732 ‘2
930 690 1120 753 magnis
1157 692 1397 754 utrinque
1421 691 1517 738 ser-

166 758 285 805 ratis
323 758 375 802 in
411 754 512 803 basi
551 756 735 802 caudae
770 757 951 819 longae
986 770 1283 807 attenuatae.

334 826 547 872 Habitat
584 824 646 871 ad
683 841 824 871 oram
846 828 1309 875 Coiomandelicam
1329 829 1517 875 Indiae.

268 899 328 941 In
364 895 602 957 exemplo
640 893 861 939 masculo
899 896 1052 956 paulo
1097 898 1209 957 plus
1246 914 1396 960 quam
1432 915 1516 960 pe-

163 959 284 1011 dem
316 965 486 1041 longo,
521 958 787 1009 tubercula
808 963 1016 1009 minima
1047 961 1187 1020 ossea‚
1215 968 1375 1027 plana,
1409 964 1517 1012 fere

164 1034 336 1081 conica
383 1033 435 1078 in
482 1033 649 1079 cianio
698 1044 749 1077 et
801 1048 892 1094 per
944 1044 1105 1079 totam
1150 1032 1279 1080 dorfi
1327 1035 1518 1097 spinam

161 1102 384 1149 mediam
422 1099 668 1177 disposita,
715 1095 768 1146 in
815 1101 1029 1163 occipite
1067 1113 1118 1148 et
1158 1115 1271 1148 ante
1318 1106 1518 1150 aculeos

160 1172 371 1219 serratos
422 1169 614 1229 majora
660 1181 710 1216 et
747 1164 881 1216 fere
902 1171 1189 1228 imbricata,
1227 1187 1343 1218 cum
1380 1172 1515 1219 conis

162 1237 302 1288 osseis
338 1240 653 1304 longioribus
701 1239 920 1300 aliquot,
958 1241 1142 1303 planis,
1178 1242 1516 1288 incumbenti-

161 1304 254 1357 bus
291 1309 464 1367 video,
503 1309 676 1354 dentes
713 1309 866 1354 etiam
903 1306 1175 1371 depressos,
1221 1310 1274 1356 in
1322 1312 1515 1373 apicem

158 1391 415 1425 exeuntes.
497 1377 664 1423 Gauda
699 1373 767 1423 est
802 1378 1026 1440 abrupta.
1097 1379 1243 1424 Schn.

296 1468 415 1513 *ει
490 1472 748 1514 CLAVATA.
819 1472 880 1514 R.
921 1468 1155 1514 dentibus
1193 1470 1363 1525 acutiS‚
1400 1486 1513 1515 acu-

156 1535 250 1586 leis
298 1538 564 1583 clavorum
624 1535 785 1582 forma
840 1536 902 1582 ad
948 1534 1186 1593 rostrum,
1234 1539 1407 1584 oculos
1463 1554 1513 1583 et

156 1607 350 1670 spinam
397 1603 550 1662 dorsi,
595 1605 646 1650 in
691 1604 845 1650 cauda
895 1607 1040 1651 unica
1078 1606 1226 1662 serie,
1280 1607 1442 1667 pinnis
1482 1617 1510 1650 2

154 1675 397 1722 brevibus
431 1675 482 1718 in
520 1671 768 1736 postrema
805 1673 974 1719 cauda.
1012 1672 1087 1720 Bl.
1125 1684 1156 1718 t.
1179 1683 1239 1731 35
1264 1672 1323 1732 *).
1388 1671 1511 1718 Groa

155 1758 260 1789 nov.
303 1738 484 1800 Zooplz.
521 1757 564 1787 n.
594 1755 701 1799 154.

328 1811 543 1858 Habitat
585 1811 638 1856 in
674 1812 799 1859 mari
836 1811 1136 1874 germanico.

291 1903 408 1949 *ειη
484 1907 668 1949 Rmms.
739 1908 800 1951 R.
841 1904 1001 1965 capite
1043 1899 1359 1958 subrostrato,
1389 1902 1507 1948 den-

156 1972 293 2020 tibus
331 1972 513 2017 conicis
552 1971 707 2017 acutis
753 1973 805 2017 in
852 1970 952 2018 basi
993 1972 1231 2027 dilatam,
1268 1972 1321 2016 in
1359 1970 1507 2016 series

155 2060 183 2099 7
223 2038 433 2104 digestis,
464 2041 516 2085 in
552 2042 709 2086 latere
740 2040 982 2087 inferiore
1020 2053 1070 2086 et
1097 2040 1352 2102 superiore
1389 2041 1507 2085 hinc

152 2109 272 2156 inde
326 2111 546 2165 clavata,
602 2109 771 2156 versus
831 2111 1109 2174 marginem
1171 2108 1507 2171 pectoralium

154 2179 394 2233 aculeata,
425 2178 602 2223 ordine
629 2180 922 2225 aculeorum
946 2181 1258 2225 clavatorum
1278 2178 1328 2222 in
1361 2176 1504 2222 dorso

150 2248 323 2303 unico,
372 2259 516 2292 terno
567 2248 619 2292 in
666 2248 823 2293 cauda
868 2247 1033 2293 versus
1099 2246 1293 2308 apicem
1342 2246 1503 2307 bipin-

148 2328 279 2364 nata.
332 2312 404 2358 Bl.
447 2325 477 2359 t.
503 2325 579 2372 34.
629 2314 776 2361 Gmel.
809 2330 948 2374 1507.
986 2330 1030 2360 71.
1058 2329 1128 2361 10.

192 2461 228 2502 ⁸¹³)
255 2455 498 2508 Appendices
525 2458 693 2491 mulium
724 2457 768 2491 ad
796 2458 933 2505 pinnas
962 2456 1152 2493 xentrales
1179 2470 1258 2491 non
1287 2456 1355 2490 effe
1385 2469 1503 2489 mem·

239 2504 307 2539 bii
330 2501 481 2546 vuilia,
509 2513 552 2537 ut
577 2503 773 2537 creditur
813 2503 923 2538 docet
949 2505 1160 2543 anatomia,
1199 2502 1300 2537 unde
1333 2501 1444 2537 deux
1434 2514 1501 2535 111

240 2550 355 2584 usum
392 2562 520 2583 earum
560 2549 602 2582 in
635 2549 727 2582 actis
764 2550 1020 2584 scrutatoium
1056 2560 1237 2590 naturae,
1274 2548 1315 2582 C.
1341 2547 1499 2581 Schrift.

239 2596 308 2631 der
340 2593 596 2630 Gesellschast
628 2594 678 2629 N·
704 2596 742 2628 F·
761 2596 925 2642 V1·377·
974 2598 1095 2631 Antea
1120 2596 1166 2629 de
1197 2594 1339 2629 iisdem
1368 2603 1499 2627 tracta-

237 2651 356 2678 verat.
396 2641 549 2675 Battira
589 2640 633 2676 in
660 2642 746 2676 Acti
787 2641 831 2676 de
874 2642 1076 2678 l'Acade'm.
1125 2642 1166 2679 di
1206 2640 1317 2676 Siena
1355 2639 1399 2674 T.
1427 2639 1498 2677 lv.

236 2699 277 2737 P.
293 2694 374 2736 554.
409 2686 481 2723 tab.
500 2687 612 2728 Vin.
